3567 5409
513 492 619 553 Eeisr.
636 504 793 562 4²1⁰·-27
813 493 989 551 Fruauuau
1010 506 1079 563 1554

339 771 482 839 PATRI
504 771 719 839 NICOLAO
741 649 983 841 gilgDANO
1009 772 1071 843 EX
1096 772 1248 841 COMM.

573 898 661 943 noua
675 898 709 955 ²7
723 898 895 944 ruuuuauu
911 899 980 957 1554
993 888 1015 943 ⁸.

179 1028 271 1084 Dolet
287 1030 324 1085 dr
340 1026 519 1083 auditorum
534 1030 688 1100 paucitate
705 1028 738 1082 in
759 1029 867 1084 scholis
884 1028 1273 1100 vindobonensibiu.-Quo
1294 1032 1413 1087 ratione

232 1119 338 1173 studio
359 1118 527 1189 theologica
545 1117 700 1190 paulatim
724 1118 898 1172 instaurari
919 1118 1242 1187 oporteat—Quinum
1264 1123 1414 1186 auctores,

233 1208 306 1261 dum
323 1224 445 1261 summo
462 1206 631 1278 theologiae
646 1222 666 1259 a
685 1206 871 1260 nostratibus
888 1208 1076 1274 adornatur,
1093 1208 1205 1279 suscipi
1217 1212 1245 1261 et
1263 1206 1413 1279 explicari

231 1296 448 1368 possint-Ad
455 1294 640 1367 patientiam
653 1295 807 1352 hortatur.
815 1295 973 1352 -Sodules
986 1295 1112 1354 salutat.

249 1442 322 1507 Pax
340 1438 397 1507 X)

250 1558 317 1625 Per
333 1558 365 1624 le
381 1557 502 1624 lettere
517 1556 560 1623 de
576 1558 620 1623 26
636 1558 679 1626 de
694 1555 855 1627 Gennaio
866 1556 1050 1623 habbiamo
1066 1556 1189 1636 intesO,
1207 1556 1411 1623 charissimo

181 1674 308 1753 Padre,
325 1672 406 1740 delli
422 1672 499 1738 suoi
515 1672 663 1740 auditori
681 1686 716 1741 et
735 1674 791 1739 del
808 1672 1029 1759 compendio,
1047 1673 1127 1757 qual
1147 1671 1410 1741 desiderarebbe

180 1808 244 1873 per
269 1789 412 1876 leggere
439 1788 694 1875 publicamente
716 1790 751 1855 in
768 1788 905 1857 Vienna
923 1789 949 1854 ³.
973 1789 1015 1854 Et
1032 1799 1261 1869 certamente,
1281 1803 1411 1873 quanto

179 1904 248 1971 allo
264 1924 408 1971 numero
423 1904 502 1973 dell’
521 1904 681 1986 auditori,
699 1926 769 1971 non
787 1903 818 1971 ci
836 1902 1097 1989 marauigliamo
1109 1902 1143 1969 in
1158 1915 1248 1971 terra
1260 1903 1408 1983 deserta,

180 2019 276 2086 inuia
291 2033 326 2086 et
342 2020 483 2087 inacosa
498 2022 524 2101 ³,
542 2037 576 2090 et
600 2021 689 2087 doue
708 2031 806 2087 tanto
823 2041 909 2106 poca
926 2018 1112 2089 deuotione
1128 2020 1156 2087 si
1180 2019 1271 2087 tiene
1288 2019 1320 2086 al
1336 2030 1410 2085 stu-

180 2135 239 2201 dio
254 2135 290 2201 di
306 2135 491 2223 theologia
506 2148 541 2203 et
554 2146 677 2222 reputo
688 2139 752 2203 che
765 2134 993 2223 qualsiuoglia
1010 2135 1096 2201 libro
1112 2134 1281 2202 catholico
1298 2135 1327 2201 si
1340 2135 1412 2221 leg·

180 2252 287 2337 gessi,
305 2253 450 2319 sarebbe
462 2272 551 2337 poco
561 2273 583 2319 o
595 2273 697 2320 meno
710 2252 733 2317 il
747 2252 931 2321 medesimo
943 2250 1123 2317 auditorio.
1142 2250 1294 2337 Bisogna
1306 2250 1411 2317 adon·

180 2388 249 2451 que
265 2369 317 2434 far
332 2368 553 2434 fondamento
570 2389 670 2453 sopra
691 2366 714 2432 li
730 2366 856 2444 nostri,
879 2367 904 2432 il
919 2368 986 2433 che
1002 2368 1033 2433 c'
1051 2368 1071 2434 ὁ
1092 2365 1287 2434 necessario
1307 2364 1408 2435 etiam

182 2483 233 2549 far
247 2483 284 2549 in
300 2484 421 2562 Roma,
439 2504 500 2569 per
515 2503 609 2551 esser
625 2484 657 2549 la
674 2496 780 2571 gente
796 2503 885 2570 poco
902 2482 1017 2549 dedita
1037 2482 1069 2549 al
1085 2480 1199 2549 studio
1215 2481 1249 2547 di
1275 2481 1410 2549 theolo-

181 2602 251 2685 gia,
269 2610 306 2667 et
322 2619 408 2686 poco
424 2598 589 2679 studiosa,
608 2612 643 2669 et
660 2620 746 2687 poco
764 2599 907 2666 fundata
920 2600 975 2667 nel
993 2598 1107 2665 studio
1124 2596 1319 2667 necessario
1332 2597 1409 2663 dell'

180 2715 257 2795 arti,
275 2736 380 2782 sanza
395 2714 419 2783 il
434 2716 535 2801 quale
551 2737 637 2782 sono
651 2715 740 2783 assai
757 2714 863 2782 iuneti
886 2714 1034 2783 auditori
1050 2716 1093 2781 de
1116 2712 1290 2801 theologia
1311 2716 1410 2780 scho-

181 2830 311 2899 lastica.
329 2831 394 2899 Col
415 2841 547 2917 tempu,
570 2832 710 2916 quando
729 2831 819 2901 delle
841 2832 962 2899 scuole
983 2843 1099 2898 nostre
1116 2828 1275 2896 uscirano
1295 2827 1411 2896 alcuni

180 2947 269 3015 delle
285 2948 407 3015 lettere
422 2948 466 3013 de
482 2946 661 3014 humanitd
682 2946 795 3015 idonei
813 2968 873 3033 per
889 2946 922 3012 13
945 2944 1177 3033 philosophia,
1195 2957 1229 3015 et
1246 2943 1280 3011 di
1297 2944 1412 3029 quella

182 3061 342 3129 uscirano
363 3061 554 3129 essercitati
575 3084 636 3149 per
659 3063 690 3129 la
712 3062 904 3149 theologia,
927 3082 1050 3129 sarano
1071 3060 1105 3126 in
1128 3060 1185 3147 piu
1208 3080 1351 3127 numero
1375 3071 1410 3129 et

183 3176 240 3262 piu
256 3177 380 3263 capaci
395 3178 418 3243 li
435 3176 557 3244 scolari
576 3176 740 3264 theologi.

247 3292 350 3360 Circa
365 3291 389 3359 il
405 3293 610 3380 compendio
630 3294 674 3359 de
690 3292 881 3379 theologia,
906 3294 951 3361 V.
974 3294 1010 3359 ll.
1038 3292 1163 3360 uederti
1188 3312 1246 3377 per
1263 3291 1294 3357 la
1311 3290 1412 3376 copia

182 3411 248 3479 che
264 3409 323 3495 qui
341 3409 467 3477 mando
488 3410 522 3475 d'
541 3430 610 3474 una
629 3410 751 3477 lettera
767 3412 810 3477 de
832 3408 875 3474 N.
905 3410 999 3487 P.al
1020 3430 1054 3475 re
1070 3409 1095 3487 ⁴,
1119 3409 1202 3487 che,
1226 3418 1361 3492 passata
1380 3406 1413 3471 13

183 3524 392 3613 quaresima,
417 3525 445 3592 si
466 3524 538 3592 sard
561 3527 593 3591 la
609 3524 788 3610 diligentia
808 3546 868 3611 per
890 3523 969 3591 finir
989 3538 1119 3608 quanto
1140 3522 1248 3610 prima
1268 3522 1297 3588 si
1314 3524 1412 3607 potrd

182 3652 303 3726 questa
318 3662 434 3727 opera.
455 3642 598 3709 Mandar
611 3639 732 3707 adesso
746 3640 776 3705 13
788 3654 884 3726 parte
899 3640 957 3725 gia
970 3640 1089 3707 scritta
1102 3660 1161 3724 per
1174 3640 1330 3724 leggerla
1343 3658 1412 3703 non

182 3778 263 3842 pare
279 3756 308 3823 si
324 3756 446 3843 putria,
471 3776 531 3843 per
547 3768 599 3825 tre
619 3778 735 3824 cause:
756 3758 805 3823 La
825 3757 953 3842 prima,
973 3756 1099 3843 perche
1116 3756 1139 3820 l'
1157 3774 1261 3840 opera
1282 3774 1350 3819 non
1368 3756 1412 3837 ha

183 3891 307 3939 ancora
324 3873 479 3939 riceuuta
495 3873 517 3937 l'
538 3870 657 3938 ultima
672 3893 774 3938 mano
796 3873 874 3939 dell'
892 3883 1015 3939 autore
1036 3891 1116 3950 suo,
1135 3881 1170 3937 et
1193 3868 1303 3955 potria
1319 3890 1413 3937 esser

182 3990 246 4055 che
261 3988 290 4053 si
307 3988 496 4055 mutassino
513 3988 617 4055 multe
630 4007 723 4056 cose.
738 3989 788 4055 La
802 3985 868 4067 2.⁸,
887 3989 952 4053 che
965 3998 1088 4071 questa
1103 4006 1207 4071 opera
1224 3983 1412 4051 comineia-

183 4115 217 4169 ta
232 4125 301 4170 non
318 4104 337 4171 ὲ
354 4104 540 4172 realmente
559 4102 782 4189 coinpendi0,
801 4124 856 4168 ma
877 4102 913 4168 di
933 4102 1046 4187 quella
1067 4101 1095 4168 si
1119 4100 1228 4185 potria
1248 4120 1373 4167 cauare
1389 4098 1413 4165 il

182 4218 384 4304 compendio
401 4218 609 4298 facilmente,
629 4218 788 4287 massime
801 4240 860 4304 per
877 4218 900 4282 l'
915 4230 1051 4285 auttore
1064 4216 1262 4285 medesimo.
1282 4218 1331 4283 La
1345 4213 1410 4299 3.⁸,

182 4333 305 4419 perche
320 4354 388 4400 non
405 4334 433 4400 si
452 4333 560 4421 putria
576 4335 718 4421 leggere
734 4346 857 4419 questo
878 4333 965 4399 libro
981 4354 1083 4399 sanza
1101 4335 1206 4399 esser'
1225 4341 1410 4415 stampato,

236 4534 245 4564 ¹
284 4532 327 4585 Ex
340 4532 441 4586 codice
457 4532 573 4605 Regest.
590 4532 632 4598 tt,
646 4531 677 4587 ff.
690 4531 819 4585 dou-dtr.

234 4620 246 4655 ¹
282 4620 358 4677 Vide
371 4623 526 4695 epistolam
541 4622 738 4695 superiorem.

235 4710 246 4742 ³
284 4710 482 4784 Pstxlts.
907 4711 919 4743 ⁴
957 4706 1032 4763 Vide
1045 4707 1200 4778 epistolam
1215 4718 1299 4775 4215.
