3567 5409
560 475 663 533 Errsr.
683 474 838 545 4307.-28
857 476 973 531 Manno
996 490 1063 546 1554
1339 489 1391 546 525

199 640 303 715 tenga
319 629 364 695 V.
383 629 453 693 md.
473 650 535 714 por
551 649 632 695 cosa
647 649 745 713 suya,
760 649 861 694 como
872 628 907 693 lo
919 648 1033 694 somos
1049 642 1209 695 nosotros
1225 650 1268 693 en
1281 628 1312 694 el
1325 629 1362 696 S.
1378 629 1422 694 N.

193 747 278 833 Jesu
291 744 356 812 X.⁰

264 862 308 927 26
319 863 363 928 de
380 863 497 927 Marzo
517 875 616 943 1554.

262 977 459 1062 Inscriptio.
481 952 533 1041 En
549 976 582 1043 la
598 987 693 1044 corte
709 977 765 1045 det
782 976 994 1063 emperador.
1064 1058 1066 1063 Α

742 1166 848 1247 4307

420 1298 581 1366 PATRI
612 1299 877 1384 QUINTINO
910 1297 1202 1366 CHARLART

605 1434 693 1477 nona
714 1422 749 1475 28
768 1434 878 1478 uanrn
899 1434 968 1493 1554
987 1422 1008 1477 ¹.

500 1556 743 1613 communicatio
753 1558 936 1629 gratiarum
951 1558 1120 1615 societatis.
1235 1604 1237 1609 ,

262 1710 417 1798 [gnatius
434 1723 500 1779 etc.

262 1827 400 1893 Dilecto
415 1827 450 1892 in
467 1826 606 1892 Chiisto
622 1825 730 1905 fratri,
748 1824 922 1893 licentiato
939 1826 1107 1911 Quintino
1124 1826 1294 1906 Charlart,
1309 1846 1423 1895 sacer-

194 1942 269 2011 doti
285 1942 438 2009 eiusdem
454 1941 648 2024 SocietatiS,
665 1943 810 2007 salutem
824 1941 859 2007 in
875 1941 1023 2007 Domino
1039 1941 1292 2029 sempiternam.

262 2060 351 2125 Cum
370 2059 514 2143 probata
529 2057 629 2123 nobis
650 2056 695 2123 sit
710 2056 802 2124 vitae
818 2067 898 2124 tuae
914 2056 1107 2143 integritaS,
1127 2057 1283 2123 doctrina
1299 2069 1334 2126 et
1350 2070 1423 2125 stu-

192 2174 288 2241 dium
309 2174 394 2239 illud
413 2171 604 2253 charitatis,-
628 2194 699 2257 quo
720 2172 911 2238 animarum
935 2173 1080 2239 salutem
1104 2173 1224 2240 iuuare
1248 2194 1310 2259 pro
1335 2174 1425 2241 uirili

192 2302 291 2376 parte
307 2311 421 2370 curaS,
440 2289 481 2355 ad
500 2288 644 2375 gloriam
661 2288 728 2355 Dei
743 2299 779 2354 et
795 2308 1012 2373 communem
1031 2288 1209 2355 vtilitatcm
1227 2290 1300 2357 fore
1315 2292 1423 2357 confi-

192 2390 320 2487 dimus,
338 2406 367 2472 si
383 2428 477 2472 arma
497 2405 554 2472 illa
574 2404 774 2491 spiritualia,
797 2425 886 2489 quae
903 2404 1002 2471 nobis
1025 2404 1215 2491 apostolica
1234 2406 1334 2474 sedes
1350 2406 1419 2473 dis·

193 2523 370 2607 pensanda
384 2520 515 2601 tribuit,
530 2518 590 2586 tibi
607 2520 875 2601 committamus;
889 2540 1010 2588 omnes
1027 2540 1112 2606 ergo
1127 2531 1163 2587 ct
1178 2520 1332 2607 singulas
1345 2543 1423 2609 gra-

194 2638 258 2703 tias
270 2648 307 2705 et
323 2636 518 2717 facultates,
533 2656 753 2721 quocumque
769 2636 871 2701 modo
882 2635 1047 2740 Societati
1060 2646 1196 2702 nostrae
1212 2636 1306 2702 iuxta
1324 2658 1423 2722 prae-

191 2752 294 2839 positi
314 2751 485 2839 generalis
507 2750 764 2837 dispositionem
781 2739 977 2831 concessaS,
1001 2762 1035 2819 et
1052 2748 1251 2818 nominatim
1274 2773 1362 2837 quae
1379 2755 1422 2820 ad

190 2868 425 2937 confessiones
445 2879 481 2933 et
501 2867 788 2953 praedicationes,
811 2866 886 2934 siue
907 2866 1090 2934 lectionem
1113 2868 1209 2933 uerbi
1231 2868 1294 2935 Dei
1316 2868 1421 2955 perti·

190 2996 287 3066 nent,
310 2995 346 3052 et
368 2983 463 3063 alias,
487 3004 576 3068 quae
601 2983 764 3049 fratribus
789 2982 974 3051 Societatis
992 2984 1069 3051 usui
1085 3006 1161 3052 esse
1177 2996 1334 3070 possunt,
1361 2984 1421 3051 tibi

190 3098 498 3180 communicamus;
523 3119 771 3185 precamurque
799 3101 912 3166 Deum
940 3098 1157 3179 altissimum,
1180 3109 1217 3164 vt
1240 3099 1293 3166 his
1318 3101 1420 3168 armis

190 3238 271 3284 cum
288 3215 403 3283 fructu
420 3213 569 3281 maximo
585 3216 628 3281 ad
645 3213 752 3300 ipsius
768 3215 904 3282 laudem
922 3225 958 3280 et
974 3216 1138 3283 ecclesiae
1150 3214 1421 3283 aedificationem

190 3332 309 3399 utaris,

259 3451 387 3519 Romae
403 3450 467 3519 V.⁰
485 3448 646 3517 calendas
663 3448 791 3535 Aprilis
809 3448 1002 3515 MDLlIII.⁰

255 3567 454 3651 Inscriptio.
476 3568 544 3631 Pro
562 3568 664 3632 Mtro.
684 3562 864 3650 Quintino.
880 3563 1157 3631 Communicatio
1170 3564 1371 3650 gratiarum.

242 3830 250 3859 ¹
288 3828 333 3882 Ex
345 3827 522 3899 apographo,
537 3825 567 3881 in
579 3824 681 3881 codice
698 3825 814 3880 Decret.
829 3830 856 3879 et
870 3825 973 3893 insta,
987 3823 1037 3878 iol.
1049 3840 1094 3893 44.
