3567 5409
492 441 597 500 Eersr.
616 440 771 513 4ι84.-44
790 445 1049 518 Furnian1554

371 712 569 804 JOANNI
604 600 859 783 ANDRtiitflis
892 716 1253 789 SCHENALDO'

583 830 673 876 eorm
686 834 721 889 24
734 832 908 879 renuuntur
925 834 995 893 1554
1009 824 1028 885 ¹.

416 944 480 1003 Cur
494 947 626 1003 Societas
638 964 746 1002 euram
759 947 940 1004 animorum
953 967 1014 1005 non
1026 952 1184 1024 suscipiat.

756 1070 840 1194 lhits

246 1241 367 1311 Gratia
382 1253 419 1312 et
435 1264 502 1331 pax
517 1253 584 1310 etc.

246 1358 419 1445 Quamuis
433 1381 554 1446 parum
571 1357 654 1426 mihi
669 1359 714 1427 sit
730 1371 851 1427 notum
867 1360 924 1427 cui
936 1361 1133 1442 rescribam,
1148 1385 1194 1432 ne
1205 1374 1320 1432 tamen
1334 1366 1411 1433 offi-

180 1475 226 1543 tio
241 1496 320 1543 meo
335 1476 457 1544 deesse
473 1475 620 1556 uiderer,
642 1474 762 1562 paucis
781 1451 1060 1563 respondendum
1083 1477 1165 1545 mihi
1186 1478 1268 1546 duxi
1290 1480 1413 1550 litteris

180 1594 219 1661 T.
242 1594 300 1673 C.‚
329 1592 456 1678 quibus
475 1592 682 1678 persuadere
703 1591 786 1657 mihi
807 1591 926 1659 niteris
945 1592 1276 1663 animarumcuram
1299 1596 1410 1665 susci·

176 1709 348 1795 piendam,
373 1729 415 1776 ac
441 1708 584 1794 proinde
611 1708 749 1774 fratrem
778 1718 933 1774 nostrum
960 1707 1135 1779 Andream
1163 1710 1408 1780 Galuanellum

175 1826 266 1911 apud
282 1847 346 1892 uos
362 1824 579 1894 retinendum
596 1846 685 1893 esse.
703 1826 795 1893 sane
811 1823 1000 1892 animarum
1017 1826 1120 1892 saluti
1140 1824 1311 1897 iuuandae
1328 1850 1407 1915 pro·

174 1941 414 2027 mouendeque
433 1961 535 2008 omne
555 1938 708 2007 studium
734 1951 852 2007 nostra
873 1938 1029 2008 Societas
1055 1940 1238 2027 impendit,
1261 1962 1339 2011 cum
1362 1946 1407 2013 ad

173 2056 206 2122 id
233 2054 321 2123 ratio
347 2055 524 2123 charitatis
551 2066 586 2121 et
614 2054 762 2122 instituti
784 2056 891 2122 nostri
912 2077 975 2122 nos
996 2067 1131 2143 urgeat,
1155 2069 1190 2125 et
1206 2061 1403 2128 earumdem

172 2171 289 2259 grauis
305 2170 433 2258 ubique
448 2170 603 2259 gentium
621 2170 808 2239 necessitas
824 2171 936 2257 magis
951 2182 1054 2258 atque
1070 2172 1181 2259 magis
1198 2195 1261 2240 nos
1282 2174 1403 2243 stimu-

171 2290 228 2367 let,
246 2299 282 2356 et
297 2298 421 2374 sponte
441 2285 659 2355 currentibus
679 2286 782 2353 addat
802 2286 958 2353 calcaria.
980 2286 1049 2355 Sed
1071 2290 1162 2373 quod
1183 2288 1401 2358 constitutio·

171 2426 231 2472 nes
245 2414 385 2471 nostrae
400 2402 500 2469 nobis
514 2401 724 2470 interdicunt
741 2423 809 2468 non
826 2401 860 2469 id
875 2413 941 2480 est,
959 2402 1020 2469 sed
1033 2402 1279 2491 obligationem
1293 2404 1398 2489 illam,

168 2539 256 2605 quae
270 2541 388 2586 curam
402 2518 591 2585 animarum
604 2531 665 2585 aut
676 2516 818 2605 parochi
830 2518 974 2585 offitium
987 2518 1152 2605 consequi
1163 2509 1264 2600 solet,
1281 2522 1399 2608 prohi-

167 2636 260 2703 bent.
279 2634 394 2703 Liberi
410 2634 501 2704 enirn
522 2644 557 2703 et
578 2632 728 2721 expediti
749 2655 825 2703 esse
847 2635 975 2702 debent
998 2634 1102 2702 huius
1122 2647 1259 2703 nostrae
1281 2636 1398 2707 Socie-

166 2751 244 2819 tatis
264 2752 492 2839 professores,
518 2760 556 2817 ut
577 2750 700 2836 quouis
722 2760 907 2830 terrarum,
931 2750 1023 2819 unde
1045 2749 1153 2819 maior
1175 2772 1254 2838 spes
1279 2752 1397 2822 diuine

164 2865 292 2955 gloriae
307 2878 342 2935 et
358 2866 478 2935 salutis
497 2866 688 2934 animarum
710 2866 811 2934 nobis
831 2866 1016 2946 affulxerit,
1042 2866 1173 2953 possint
1194 2869 1393 2953 conuolare,

162 3005 231 3051 non
246 2982 328 3050 huic
345 2984 401 3052 uel
416 2982 464 3049 illi
480 2982 558 3049 loco
578 2982 776 3051 adherendo
797 2981 873 3069 (nisi
895 2982 1079 3070 collegium
1100 2993 1161 3051 aut
1180 2984 1320 3051 domum
1346 2983 1394 3052 ibi

161 3100 388 3185 haberemus),
405 3098 468 3167 sed
483 3098 552 3188 a[d]
569 3111 705 3185 tempus
721 3098 777 3165 his
790 3109 825 3167 et
840 3097 908 3164 illis
928 3110 1079 3165 nostram
1101 3120 1260 3187 opperam
1284 3102 1393 3188 gratis

161 3226 194 3284 et
210 3215 315 3283 libere
329 3214 571 3302 impendendo.
591 3216 652 3283 Est
669 3228 785 3285 autem
801 3214 1002 3297 modestiae,
1021 3216 1126 3283 immo
1139 3229 1174 3285 et
1186 3216 1390 3303 prudentiae

132 3405 141 3425 .
159 3342 442 3411 consentaneum,
463 3342 499 3397 ut
516 3352 606 3416 quae
621 3332 754 3398 ratione
769 3340 873 3416 atque
889 3330 1011 3401 ordine
1026 3330 1070 3399 ab
1086 3330 1162 3398 aliis
1177 3342 1191 3372 ⁸
1207 3330 1306 3413 liunt,
1330 3332 1389 3418 qui

157 3446 223 3513 sibi
244 3448 289 3514 ob
309 3447 451 3515 occulos
472 3456 605 3514 tantum
627 3446 692 3515 Dei
714 3449 928 3516 uoluntatem
951 3457 1162 3533 proponunt,
1185 3448 1242 3515 uel
1262 3448 1387 3535 probe-

156 3584 245 3645 mus,
260 3564 317 3632 uel
328 3574 422 3631 certe
433 3564 539 3632 rebus
550 3584 671 3650 parum
682 3560 843 3650 expensis
855 3562 995 3633 minime
1007 3562 1252 3650 improbemus.
1269 3563 1385 3631 Liceat

155 3679 190 3745 in
205 3700 310 3748 sensu
326 3699 390 3746 suo
405 3678 583 3747 abundare
598 3677 724 3759 cuiuis,
742 3678 801 3765 qui
822 3678 889 3745 sub
909 3689 1049 3746 sanctae
1071 3678 1238 3747 ecclesiae
1259 3678 1386 3746 uexillo

153 3806 190 3862 et
203 3815 282 3862 cum
300 3794 376 3864 eius
390 3793 638 3883 approbatione
654 3792 795 3862 Christo
810 3794 945 3861 militat.
965 3796 1099 3863 Tamen
1118 3792 1200 3860 boni
1222 3793 1381 3876 consu10,

152 3913 245 3997 quod
259 3911 437 4000 scripsisti;
461 3910 579 3998 pietati
599 3910 690 3980 enim
711 3921 746 3979 et
767 3908 927 3978 charitati
947 3910 983 3976 in
1005 3920 1083 3977 tuos
1103 3909 1138 3977 id
1159 3909 1381 3979 tribuendum

149 4030 275 4099 iudico.

215 4144 304 4215 Aliis
324 4147 368 4213 de
388 4146 493 4213 rebus
513 4144 598 4210 nihil
617 4142 799 4231 attingam,
822 4164 901 4210 curn
923 4142 937 4183 ¹³
958 4152 1095 4211 uestrae
1116 4140 1302 4229 reipublice
1323 4164 1378 4211 re-

148 4263 312 4345 ctoribus,
329 4262 423 4349 quod
437 4263 630 4349 oportebat,
648 4260 842 4347 scripserim
857 4261 883 4326 ⁸.

196 4455 210 4484 ι
246 4439 325 4495 alliis
338 4456 394 4495 ms.
409 4438 627 4512 haitainfra.
667 4441 718 4483 -b
736 4455 793 4495 con
806 4454 862 4497 ms.

196 4604 205 4637 ¹
244 4602 288 4657 Ex
301 4600 404 4657 codice
418 4600 539 4674 Rogati.
557 4600 598 4667 ΙΙ,
613 4598 665 4659 fol.
679 4598 902 4668 son-Certos,
915 4617 944 4657 u.
959 4596 1202 4655 CCCCXXXIV.

194 4696 206 4727 ¹
243 4689 321 4747 Vide
334 4689 491 4764 epistolam
504 4689 698 4761 superiorem.
