3567 5409
523 545 627 601 Esrsr.
648 558 802 618 4207.-27
822 546 997 607 Fennunru
1019 556 1088 617 ¹554
1332 545 1385 618 ³⁷9

402 771 543 890 enum
568 823 724 891 perso
749 700 941 893 diadem
965 825 1028 893 Ex
1052 825 1205 893 count.

579 950 670 996 non
683 950 718 1007 ²7
730 951 904 997 rnanuinu
920 950 987 1009 1554
1007 938 1029 1001 ¹.

173 1080 227 1135 De
240 1081 426 1137 americi·
437 1082 480 1136 aa
490 1082 653 1154 collegium
663 1085 879 1156 germanicum
892 1083 931 1140 ab
947 1084 1083 1157 episcopo
1095 1084 1247 1141 labaoensi
1263 1086 1376 1141 mine.
1386 1116 1418 1127 -

237 1167 325 1237 Quid
336 1187 405 1225 cum
419 1169 493 1235 illis,
506 1173 642 1226 maxim
652 1188 724 1227 vero
741 1189 810 1227 cum
830 1172 930 1228 Paulo
947 1172 1112 1239 Skalicltio,
1131 1178 1232 1230 ocium
1249 1179 1299 1239 sit,
1318 1174 1414 1231 docla-

235 1264 300 1316 ναὶ.
311 1259 386 1315 -Do
398 1260 540 1316 Poetelio.

749 1403 840 1524 luis.

252 1602 326 1666 Pax
343 1599 400 1667 X}

251 1715 466 1783 Charissimo
482 1715 516 1781 in
534 1715 599 1786 X.⁰
618 1718 740 1783 Padre.

249 1832 301 1899 Mi
315 1834 336 1900 ἐ
351 1854 453 1918 parso
468 1830 552 1899 darli
570 1832 810 1901 informatione
826 1832 924 1919 piena
940 1834 996 1902 del
1013 1837 1072 1901 Dr.
1091 1835 1200 1902 Paulo
1215 1846 1250 1901 et
1271 1836 1325 1904 del
1348 1856 1412 1903 suo

172 1968 379 2033 compagno
405 1950 508 2015 Mtro.
539 1938 704 2026 ¹Antonio,
735 1946 878 2017 insieme
904 1970 970 2016 con
990 1949 1047 2015 doi
1069 1949 1144 2017 altri
1165 1949 1318 2037 giouani,
1344 1972 1415 2017 uno

85 2153 87 2157 .
159 2062 355 2129 chiamato
373 2066 492 2130 Marco
507 2073 542 2132 et
554 2065 641 2131 altro
653 2063 814 2151 Giorgio,
830 2064 909 2131 tutti
922 2063 979 2133 doi
992 2064 1110 2151 nepoti
1127 2067 1180 2131 del
1200 2068 1296 2133 Rmo.
1317 2068 1414 2134 laba·

174 2199 300 2260 cense,
316 2181 467 2245 secondo
484 2176 506 2243 l'
521 2178 761 2247 informatione
776 2180 833 2248 del
849 2183 910 2248 Dr.
934 2184 1041 2248 Paulo
1058 2181 1081 2247 ¹.

248 2294 376 2375 Prima,
403 2293 591 2361 riceuendo
619 2297 650 2363 le
676 2296 796 2364 lettere
823 2300 869 2362 ho
889 2298 1020 2383 parlato
1041 2298 1074 2364 io
1094 2296 1334 2366 diffusamente
1359 2300 1414 2365 col

173 2412 241 2476 Dr.
263 2411 384 2491 Paulo;
402 2419 437 2478 et
452 2410 487 2475 in
504 2412 584 2494 quel
601 2412 711 2498 primo
725 2413 907 2497 colloquio,
925 2415 1145 2482 cono'scendo
1161 2412 1184 2478 il
1205 2435 1270 2480 suo
1290 2412 1413 2500 spirito

171 2524 268 2592 assai
291 2526 451 2608 elleuato,
477 2526 499 2592 li
522 2529 569 2592 ho
590 2548 703 2594 mosso
722 2550 742 2594 a
763 2527 852 2593 farti
869 2528 1034 2596 essercitii
1051 2527 1231 2615 spirituali,
1250 2529 1368 2596 auanti
1387 2530 1409 2595 li

172 2640 271 2726 quali
288 2640 311 2706 li
327 2643 376 2706 ho
389 2662 553 2727 persuaso
568 2664 637 2709 non
655 2642 806 2711 trattassi
822 2644 865 2710 de
877 2653 1047 2711 sostentar
1060 2644 1092 2711 le
1103 2665 1165 2711 sue
1178 2644 1410 2725 conclusioni,

173 2770 212 2824 et
228 2756 338 2825 siamo
355 2758 471 2827 testati
487 2757 521 2825 d'
537 2760 663 2825 acordo
679 2770 809 2845 quanto
825 2758 892 2826 alla
907 2780 970 2826 sua
988 2780 1145 2845 persona.

242 2872 346 2941 Circa
362 2876 464 2941 Mtro.
483 2874 649 2953 Antoni0,
669 2876 793 2961 perche
806 2886 980 2944 mostraua
992 2897 1085 2945 esser
1096 2878 1202 2944 dubio
1213 2899 1250 2945 se
1263 2878 1402 2944 doueua

173 2999 285 3055 restat
300 2989 356 3057 nel
371 2988 518 3075 collegio
534 2991 746 3077 germanico,
764 3012 786 3056 o
798 3011 882 3058 uero
895 3003 1107 3071 tornarsene,
1123 3005 1158 3059 et
1171 2992 1273 3061 etiam
1286 2992 1318 3059 ci
1335 2993 1404 3060 sia·

172 3125 233 3171 mo
252 3105 423 3171 accordati
443 3108 507 3173 che
522 3109 634 3175 anche
649 3106 697 3172 lui
713 3106 836 3176 lacessi
853 3107 874 3172 li
891 3108 1058 3177 essereitii
1074 3131 1135 3194 per
1151 3108 1202 3175 far
1218 3119 1313 3178 tanto
1330 3130 1405 3177 me·

171 3218 248 3305 glio
264 3219 480 3300 risulutione,
498 3234 628 3306 quanto
643 3222 702 3307 piri
717 3221 747 3290 si
761 3224 981 3291 acenstassia
1004 3223 1081 3303 Dio,
1108 3234 1143 3293 et
1163 3226 1274 3291 anche
1295 3223 1343 3289 lui
1365 3222 1406 3289 fu

172 3345 350 3402 contento.

243 3451 283 3520 L’
304 3450 383 3517 altri
406 3450 462 3518 doi
485 3452 603 3537 nepoti
623 3472 728 3518 sanza
747 3452 914 3520 difficulta
934 3454 955 3518 l'
978 3454 1162 3522 habbiamo
1184 3451 1324 3522 acettati
1347 3455 1405 3521 nel

172 3566 324 3652 collegio
338 3570 549 3653 germanico,
567 3589 636 3634 non
652 3568 900 3635 considerando
915 3570 947 3635 le
963 3592 1026 3637 sue
1043 3570 1127 3657 parti
1146 3580 1251 3649 tanto,
1269 3578 1401 3654 quanto

229 3784 238 3814 ¹
278 3780 321 3835 Ex
331 3780 435 3836 codice
450 3782 567 3854 Regem.
583 3782 625 3854 11,
639 3782 689 3841 fol.
704 3795 749 3853 59.

227 3873 239 3905 ¹
275 3870 333 3926 Die
345 3870 367 3924 ό
377 3870 555 3926 Novembris
570 3870 639 3942 1553
650 3872 807 3945 episcopus
820 3872 995 3943 lubecensis,
1008 3874 1145 3931 Urbanus
1155 3873 1275 3939 Textor,
1289 3871 1405 3942 Ignatio

170 3956 331 4031 scripserat
342 3957 381 4013 de
393 3959 439 4015 his
448 3960 619 4031 juvenibus,
635 3976 707 4033 quos
722 3963 813 4033 probe
824 3960 933 4019 litteris
947 3970 977 4015 et
997 3960 1106 4017 virtute
1119 3962 1239 4017 volebat
1257 3961 1401 4030 excultos,

171 4048 298 4120 ideoque
311 4047 419 4119 Ignatii
431 4048 610 4103 sententiam
624 4048 661 4103 de
675 4066 733 4104 non
747 4048 929 4121 properanda
942 4066 1042 4105 eorum
1056 4048 1085 4105 in
1100 4050 1250 4105 Austriam
1260 4048 1404 4105 reversio·

171 4156 210 4191 ne
227 4138 447 4208 comprobebnt.
465 4138 560 4207 Epist.
577 4139 703 4208 Mixtus,
717 4140 770 4207 lll,
784 4138 848 4207 588.
862 4139 975 4195 Horum
990 4140 1079 4195 etiem
1093 4139 1255 4211 pleniorem
1269 4138 1403 4195 notitiem
1461 4142 1465 4152 ’

170 4225 263 4282 tradit
275 4228 457 4297 ΡοιΑκσυε,
474 4226 599 4292 Ceron„
614 4228 666 4297 IV,
680 4229 809 4299 256·258,
821 4246 909 4301 quem
928 4228 997 4284 vide
1014 4230 1055 4285 sis
1072 4246 1139 4285 curn
1157 4227 1300 4299 subjectis
1315 4243 1402 4283 auno·

170 4315 333 4371 tatiouibus
351 4334 389 4371 ex
408 4318 676 4389 Burnusmffltn,
701 4320 792 4373 Beati
816 4318 904 4372 Petri
924 4316 1078 4375 Canisii...
1100 4318 1258 4390 Epistulae
1275 4322 1304 4373 ei
1322 4320 1402 4381 acia,

171 4416 246 4465 tom.
260 4406 284 4476 1,
295 4405 421 4477 aliisque
432 4405 625 4478 scriptoribus
638 4406 833 4479 depromptis.
856 4408 933 4479 Jem,
954 4425 1055 4463 eorum
1074 4406 1192 4462 nomina
1210 4408 1283 4461 haec
1302 4404 1402 4461 viden·

170 4508 220 4551 tur
232 4512 310 4555 esse:
324 4496 433 4551 Paulus
446 4494 621 4568 Skalichius‚
636 4498 686 4569 qui
699 4496 818 4552 demum
835 4498 981 4554 ecclesine
998 4498 1185 4571 perturbator
1203 4494 1310 4563 evasit3
1329 4496 1403 4551 Mar·

169 4603 224 4642 cus
236 4584 359 4655 Tertor,
372 4585 573 4657 Aquilejensis
585 4585 742 4656 dioecesis,
757 4595 787 4642 et
800 4586 948 4658 Georgius
962 4572 1107 4657 Rogata.
1127 4584 1203 4641 Vide
1222 4602 1320 4657 supra,
1341 4585 1402 4656 epi·

171 4676 277 4730 stolum
290 4686 374 4744 4102.
397 4675 519 4731 Antonii
538 4691 609 4730 vero
623 4692 787 4746 cognomen
802 4692 907 4731 omnes
921 4683 1031 4732 tacent:
1049 4676 1204 4745 Polaticus,
1222 4675 1401 4730 Braunsber·

170 4782 237 4836 ger,
248 4762 423 4835 schroeder,
437 4774 494 4823 etc.
