3567 5409
515 503 619 559 Elusa.
638 503 929 571 4276.-17nnn11
950 515 1019 572 1554

712 658 818 739 4276
1240 724 1241 727 5

402 789 544 855 PATRI
563 789 738 878 JOANNl
764 790 900 856 BTAE.
928 790 1149 857 TAVONOv

576 924 664 968 norm
681 924 713 981 17
727 925 836 969 nisan
852 925 922 983 1554
937 913 956 972 ¹.

147 1054 271 1110 Litteris
290 1058 417 1128 acceptis
438 1058 607 1129 respondet:
630 1057 710 1113 alios
729 1058 770 1111 od
793 1058 951 1112 Britonem
971 1058 1161 1115 mittit-De
1180 1040 1384 1130 quornmdom

197 1162 305 1201 errore
315 1147 495 1215 putantium
509 1146 628 1201 licitum
641 1164 702 1202 asse
718 1148 826 1217 absque
841 1151 961 1217 peccato
981 1148 1157 1220 religiosum
1175 1153 1288 1204 statum
1306 1150 1386 1205 dose-

171 1260 174 1263 ’
198 1252 278 1300 rere,
301 1236 423 1291 etiami
444 1241 515 1291 noto
532 1236 843 1307 nuncuparem-De
863 1237 951 1293 sociis
976 1238 1106 1293 Patauio
1128 1238 1385 1299 educendis-De

180 1368 184 1373 .
195 1326 317 1397 gratiis
337 1326 483 1396 templum
508 1324 668 1381 Societatis
692 1326 893 1382 invisentibus
914 1326 1150 1385 concessis-Do
1172 1330 1385 1385 contrahendis

156 1448 162 1457 ·
196 1414 510 1474 scholis-Damno
528 1414 755 1485 quodam-De
765 1417 872 1487 pneris
885 1432 1061 1470 mensnram
1076 1434 1135 1471 non
1153 1418 1383 1489 attingentibus.

199 1506 313 1559 -Post
325 1506 484 1577 seriptum.

219 1652 294 1716 Pax
310 1648 452 1715 Christi.

218 1764 433 1833 Charissimo
451 1764 561 1832 Padre
576 1764 611 1829 in
624 1767 707 1854 Jesu
725 1763 790 1831 X.⁰

217 1884 306 1953 Fare
323 1891 476 1967 resposta
492 1902 512 1946 a
528 1880 641 1966 quelle
657 1880 700 1947 de
716 1880 773 1945 doi
789 1891 824 1946 et
841 1881 861 1947 8
877 1880 933 1949 del
950 1892 1109 1967 presente
1132 1882 1176 1947 de
1199 1883 1241 1949 V.
1268 1884 1325 1963 R.;
1351 1893 1385 1951 et

148 1997 241 2064 circa
258 1998 281 2062 il
296 1998 400 2063 modo
416 1997 460 2062 de
475 2016 670 2083 corregere,
688 1998 722 2063 lo
740 1996 864 2063 mando
881 1996 915 2062 in
935 2019 1001 2063 una
1022 1998 1145 2066 lettera
1167 1997 1336 2066 indrizata
1353 2000 1385 2067 al

150 2113 284 2207 fratello
301 2112 420 2201 Pietpo
438 2094 558 2179 Briton
573 2112 599 2191 ¹,
617 2112 834 2180 secondoche
855 2112 873 2179 ὲ
894 2133 995 2197 parso
1015 2135 1035 2178 a
1055 2112 1159 2198 quelli
1179 2116 1245 2179 che
1268 2102 1383 2181 hanno

150 2231 197 2296 tal
213 2249 298 2296 cura
314 2228 349 2294 in
366 2240 484 2295 nostro
500 2226 663 2315 collegio,

216 2322 316 2412 Della
329 2342 551 2429 persuasione
562 2343 628 2409 che
641 2344 757 2408 hanno
770 2341 896 2423 alcuni,
908 2344 974 2411 che
987 2364 1056 2409 non
1069 2342 1119 2409 sia
1131 2355 1274 2430 peccato
1291 2345 1382 2413 useir

149 2462 252 2549 iuora
267 2460 357 2526 della
373 2458 551 2545 religione,
569 2480 589 2524 a
605 2460 638 2526 la
649 2458 751 2543 quale
763 2479 848 2525 sono
859 2458 1002 2546 obligati
1015 2478 1081 2526 con
1095 2460 1179 2540 uoti;
1198 2482 1235 2527 se
1252 2460 1382 2528 fossino

148 2575 290 2643 ostinati
303 2574 337 2642 in
356 2575 401 2641 tal
417 2572 661 2660 propositione,
680 2574 871 2641 sarebbono
888 2573 1043 2655 heretici,
1061 2587 1096 2642 et
1112 2574 1308 2662 bisogneria
1325 2599 1381 2643 re-

148 2690 325 2778 sponderli
343 2711 408 2757 con
424 2690 448 2755 il
462 2690 577 2771 socho,
592 2700 627 2758 et
639 2711 711 2756 non
723 2709 790 2755 con
803 2690 835 2777 le
850 2692 979 2776 parole3
994 2691 1103 2760 siche
1119 2692 1153 2757 di
1170 2702 1294 2778 questo
1311 2715 1381 2760 non

148 2808 276 2874 accade
292 2806 445 2875 mettersi
462 2828 482 2872 a
497 2804 549 2871 iar
565 2806 693 2891 longhe
712 2826 820 2890 proue
842 2827 903 2891 per
923 2828 1016 2874 esser
1040 2828 1122 2873 cosa
1146 2817 1244 2894 tropo
1269 2807 1380 2875 mani-

150 2926 252 3015 festa.
410 3005 413 3013 .
1158 3006 1160 3011 ,

218 3038 320 3123 Circa
335 3037 439 3123 quelli
455 3041 520 3106 che
536 3037 564 3103 si
581 3039 696 3102 hanno
720 3036 872 3104 aleuare
893 3038 936 3103 de
959 3036 1124 3129 Pedona„
1136 3041 1180 3105 mi
1202 3039 1340 3108 rimetlo
1361 3062 1380 3106 a

150 3133 268 3242 quello
285 3156 322 3221 su
337 3155 470 3221 scritto,
1121 3142 1125 3153 ’

217 3248 271 3343 De
283 3282 417 3344 ottener
434 3268 560 3350 iaculti
576 3288 637 3354 per
653 3288 756 3335 cauar
776 3272 832 3334 un'
851 3267 965 3334 anima
982 3268 1084 3354 quelli
1100 3271 1166 3336 che
1184 3269 1378 3337 uesitarano

148 3388 182 3453 la
197 3362 316 3453 nosira
331 3374 447 3453 chiesa
458 3384 493 3450 di
512 3384 662 3463 Padoua,
678 3406 747 3450 non
764 3386 781 3450 ὲ
799 3395 913 3469 tempo
929 3385 1051 3450 adesso
1067 3385 1109 3451 de
1128 3386 1179 3450 fur
1195 3387 1240 3451 tal
1256 3385 1379 3451 richie·

149 3513 214 3580 sta,
233 3499 379 3569 essendo
395 3502 541 3566 amalato
557 3499 580 3563 il
604 3520 702 3585 papa3
726 3510 760 3565 el
781 3501 920 3583 quando
942 3499 1024 3566 fossi
1045 3521 1143 3580 sano,
1167 3520 1206 3568 ce
1227 3500 1316 3568 saria
1337 3503 1379 3568 de

148 3619 232 3683 fare.
252 3618 310 3683 Ma
327 3618 369 3684 V.
389 3618 430 3682 R.
451 3614 557 3701 potria
576 3616 627 3679 iar
644 3635 712 3681 una
728 3614 771 3679 de
787 3613 844 3680 dni
859 3635 951 3681 cose:
972 3636 993 3681 o
1015 3636 1098 3683 uero
1123 3616 1174 3681 far
1197 3637 1336 3685 eercare
1356 3618 1378 3682 li

150 3731 310 3818 priuilegi
325 3730 453 3817 proprii
470 3732 513 3799 de
529 3752 591 3797 sua
603 3730 730 3811 chiesa,
745 3752 766 3795 o
781 3750 863 3796 uero
876 3730 982 3796 ueder
994 3732 1107 3815 quella
1124 3733 1277 3799 clausula
1292 3733 1379 3801 delle

149 3849 241 3916 bolle
260 3848 305 3916 de
325 3858 441 3914 nostre
460 3845 585 3933 gratie,
607 3846 697 3912 doue
718 3844 749 3911 ci
767 3846 785 3911 ὲ
806 3866 973 3913 concesso
995 3857 1085 3912 tutto
1109 3848 1224 3932 quello
1240 3851 1306 3917 che
1322 3848 1377 3915 all'

149 3965 235 4032 altre
251 3962 428 4045 religione3
447 3974 482 4031 et
499 3961 656 4029 uedendo
672 3962 695 4026 l'
713 3960 930 4047 indulgentie
947 3964 1011 4028 che
1027 3962 1100 4028 loro
1117 3964 1243 4043 hanno,
1263 3984 1300 4030 se
1316 3985 1379 4050 po·

150 4078 213 4145 tria
231 4080 283 4145 iar
298 4100 346 4144 un
362 4076 513 4144 sumario
531 4098 590 4162 per
605 4076 710 4161 quelli
726 4078 791 4143 che
808 4075 1022 4144 uisitaranno
1038 4078 1070 4143 la
1087 4090 1217 4144 nostra.

217 4195 284 4262 Del
295 4194 389 4259 ridur
406 4195 438 4262 le
453 4194 562 4259 classe
578 4214 597 4258 a
615 4212 634 4277 3
651 4214 672 4258 o
688 4211 721 4274 4,
741 4194 785 4259 V.
805 4194 846 4259 R.
867 4192 975 4259 faccia
991 4213 1089 4262 come
1107 4193 1232 4280 meglio
1248 4194 1378 4281 lipare,

149 4322 184 4379 et
200 4309 272 4378 cosi
289 4311 332 4376 de
350 4310 399 4375 far
416 4313 558 4396 leggere
575 4307 597 4375 il
616 4328 732 4393 greco.
832 4380 836 4385 .

216 4426 319 4493 Circa
334 4427 413 4510 quel
429 4425 539 4492 amico
555 4426 620 4490 che
637 4422 751 4489 uorria
766 4444 866 4509 saper
882 4444 920 4491 se
937 4424 971 4489 in
992 4426 1097 4491 Roma
1117 4445 1157 4491 ee
1180 4430 1255 4493 seri
1279 4410 1383 4491 modo

206 4645 213 4677 ¹
251 4644 296 4698 Ex
315 4641 417 4698 codice
434 4642 550 4715 Regest.
566 4641 609 4708 II,
624 4640 655 4700 fl.
668 4650 784 4709 71v·72.

202 4735 213 4767 ¹
252 4730 330 4788 Vide
344 4731 499 4804 epistolam
513 4737 699 4803 sequentem.
