3567 5409
792 477 998 533 llonuuunn
1024 477 1202 531 leuentur

577 759 718 826 Pnrru
741 632 1152 825 coesneriiieimo
1177 756 1239 822 Ex
1263 732 1415 822 conu.

775 885 864 929 norm
882 884 914 941 17
927 884 1099 927 esseorum
1115 883 1183 940 :554
1198 872 1218 927 ¹.

379 1016 547 1071 Numerum
556 1012 719 1079 sociorum,
729 1016 894 1087 quosalere
907 1012 1113 1087 Lippomam
1123 1012 1207 1076 velit,
1220 1016 1289 1067 avet
1298 1010 1385 1068 seire.
1394 1010 1472 1066 --De
1485 1013 1612 1068 Anam

430 1109 459 1159 ot
471 1103 565 1159 Fabio
577 1104 610 1158 in
625 1102 767 1159 Siciliam
782 1102 1031 1159 mittenda-De
1043 1102 1208 1159 candidato
1220 1102 1449 1173 quodam—oe
1465 1100 1613 1157 otono.-

431 1193 564 1249 Litteroe
575 1194 815 1265 quadrimanus
826 1197 855 1248 et
869 1192 1027 1247 indianoe.
1035 1190 1179 1246 -Nuntii
1187 1192 1226 1246 do
1239 1190 1469 1263 reformatione.

449 1330 522 1395 Pax
536 1321 680 1395 Christi.

446 1441 680 1513 Rioeuessimo
696 1442 810 1527 quelle
824 1441 869 1508 de
889 1443 1046 1521 10,doue
1062 1452 1298 1527 aspettauamo
1314 1440 1492 1510 intendere
1507 1440 1531 1506 il
1545 1461 1613 1507 nu-

378 1580 473 1626 mero
488 1558 577 1627 delle
594 1578 740 1641 persone
750 1559 818 1627 ebe
834 1556 1036 1643 monsignor
1051 1568 1170 1625 nostro
1185 1558 1275 1626 della
1291 1555 1449 1624 Triniti'
1466 1558 1545 1625 uole
1564 1568 1615 1625 te·

379 1695 461 1742 nere
477 1673 511 1741 in
529 1673 675 1741 Venetia
690 1686 726 1740 et
743 1673 897 1740 Padoua.
922 1674 1030 1739 Forsa
1044 1674 1069 1738 l'
1087 1674 1217 1741 haueri
1235 1674 1362 1741 lassato
1379 1674 1423 1740 V.
1442 1674 1485 1739 R.
1503 1694 1567 1759 per
1582 1672 1615 1739 la

379 1788 564 1855 settimana
579 1799 758 1874 sequente.

444 1904 546 1972 Circa
558 1904 580 1971 li
592 1904 650 1971 doi
665 1904 789 1973 fratelli
802 1904 995 1991 indisposti,
1014 1906 1154 1972 Andrea
1170 1915 1206 1971 et
1222 1904 1329 1971 Fabio
1341 1906 1367 1985 ⁸,
1386 1903 1444 1991 gii
1458 1905 1615 1971 baueua·

378 2042 434 2086 mo
454 2020 574 2087 scritto
595 2042 614 2086 a
637 2020 779 2087 Padoua
801 2022 880 2100 che,
904 2042 941 2087 se
963 2042 1032 2087 non
1053 2020 1082 2087 si
1099 2020 1294 2087 trouassino
1316 2020 1406 2087 bene
1428 2018 1463 2085 in
1489 2030 1616 2105 queste

379 2136 505 2215 bande,
524 2138 589 2203 che
605 2135 761 2222 potriano
777 2136 832 2221 pel
845 2156 939 2201 mare
954 2136 1124 2203 mandarsi
1141 2136 1175 2203 la
1187 2136 1281 2203 volta
1296 2136 1339 2202 de
1356 2134 1484 2215 Sicilia,
1502 2146 1539 2201 et
1553 2156 1614 2221 per

379 2251 401 2340 il
419 2251 545 2317 viatico
565 2240 652 2331 loro,
677 2271 737 2337 per
756 2272 826 2317 non
847 2272 975 2337 grauar
997 2250 1210 2338 monsignor,
1234 2252 1301 2319 che
1323 2250 1352 2319 si
1369 2260 1545 2337 poteuano
1562 2249 1610 2335 pi·

379 2366 487 2452 gliare
499 2366 522 2432 li
533 2366 652 2433 danari
669 2366 854 2433 necessarii
866 2388 887 2433 a
899 2366 1046 2447 cambio,
1060 2387 1083 2433 o
1099 2366 1288 2453 imprestati
1300 2388 1320 2433 a
1332 2366 1482 2451 qualche
1494 2364 1611 2443 modo,

380 2482 506 2568 perche
522 2480 546 2547 il
562 2482 696 2549 fratello
713 2483 854 2549 Andrea
868 2480 892 2546 li
909 2483 1076 2568 potrebbe
1092 2502 1220 2568 pagare
1235 2480 1272 2547 in
1291 2480 1452 2549 Messina.
1478 2482 1577 2547 Hora
1592 2478 1614 2545 il

283 2578 287 2587 ¹
381 2594 567 2665 medesimo
589 2595 667 2662 dico
683 2597 715 2662 al
740 2608 898 2681 presente
915 2617 976 2683 per
1000 2606 1094 2683 parte
1110 2594 1145 2662 di
1161 2598 1206 2665 N.
1226 2598 1282 2677 Ρ.,
1307 2596 1530 2683 agiongendo
1547 2596 1613 2662 che

380 2733 419 2779 se
433 2713 506 2778 loro
523 2715 722 2780 haueranno
738 2712 795 2797 piu
812 2723 929 2797 presto
944 2710 1122 2780 diuotione
1133 2712 1177 2781 de
1193 2712 1290 2778 venir
1306 2734 1326 2778 a
1341 2713 1462 2792 Roma,
1480 2732 1503 2777 o
1519 2712 1614 2779 alcu·

381 2849 426 2895 no
441 2826 477 2893 di
492 2828 577 2908 loro,
597 2826 619 2893 li
636 2826 810 2909 mandin03
829 2829 955 2913 perche
972 2828 1134 2896 hauendo
1148 2830 1230 2895 dato
1246 2830 1363 2895 buona
1378 2826 1612 2905 edificatione,

380 2944 414 3009 la
428 2942 645 3029 Compagnia
661 2955 778 3010 nostra
793 2965 863 3009 non
879 2946 900 3010 ἑ
916 2966 977 3029 per
992 2944 1136 3025 lassarli,
1154 2944 1229 3011 sani
1250 2944 1293 3011 ne
1308 2942 1457 3025 infermi,
1477 2942 1561 3010 mai.
1578 2942 1613 3011 Si

381 3061 445 3125 che
462 3060 506 3125 V.
526 3061 566 3126 R.
588 3060 675 3125 ueda
690 3060 735 3129 de
750 3060 812 3126 dar
828 3061 930 3126 alcun
948 3060 1042 3127 buon
1057 3058 1248 3146 ispediente
1263 3080 1284 3125 a
1300 3058 1413 3145 questi
1430 3057 1571 3127 fratelli.

448 3172 550 3241 Circa
565 3171 587 3240 l'
603 3176 690 3241 altro
705 3173 868 3261 giouane,
883 3176 964 3260 qual
980 3176 1131 3243 vorebbe
1147 3175 1266 3242 intrar'
1281 3176 1370 3243 nella
1383 3172 1612 3260 Compagnia,

382 3312 447 3376 pur
462 3289 550 3356 fuori
565 3289 600 3355 di
618 3290 764 3359 Venetia
782 3291 840 3376 pib
858 3304 986 3377 presto,
1000 3292 1065 3357 che
1081 3292 1216 3372 dentro,
1230 3313 1251 3358 a
1267 3292 1313 3361 N.
1332 3293 1372 3359 P.
1390 3310 1471 3376 pare
1487 3292 1555 3357 ebe
1568 3286 1613 3353 lui

381 3404 505 3472 habbia
522 3405 704 3491 raggione,
727 3418 762 3472 et
783 3406 888 3487 cossi,
906 3428 976 3472 non
997 3405 1220 3491 dispiacendo
1236 3407 1268 3473 al
1289 3406 1377 3474 Rdo.
1400 3404 1612 3492 monsignor,

381 3521 414 3586 lo
427 3522 523 3606 potri
539 3523 580 3588 V.
596 3523 637 3589 R.
653 3523 795 3588 mandat
807 3544 827 3588 a
840 3524 948 3589 Roma
962 3524 987 3602 ⁶,
1002 3525 1105 3605 doue,
1119 3544 1218 3592 come
1233 3523 1342 3591 siamo
1358 3541 1432 3603 120,
1447 3534 1613 3607 potranno

379 3634 484 3705 eeser’
500 3637 615 3704 alcuni
631 3636 732 3703 simili
747 3637 782 3703 di
799 3638 858 3723 piu
873 3650 910 3706 et
925 3639 957 3704 ci
973 3644 1049 3707 seri
1065 3640 1141 3707 loco
1157 3661 1219 3727 per
1235 3638 1328 3705 tutti.

448 3754 496 3819 La
512 3754 633 3822 lettera
650 3774 710 3839 per
727 3757 830 3821 Mtro.
847 3754 1025 3841 Jeronimo
1042 3755 1174 3823 Ottello
1191 3755 1219 3821 si
1235 3756 1411 3823 mandeti.
1590 3824 1593 3829 ,

447 3869 495 3936 Le
507 3868 748 3953 quadrimestri
763 3880 799 3935 et
810 3870 924 3954 quelle
940 3870 1007 3937 del'
1022 3870 1117 3937 India
1129 3870 1158 3937 si
1172 3870 1342 3937 mandano
1354 3868 1482 3956 pervia
1499 3868 1537 3936 di
1550 3870 1612 3935 Bo·

379 3984 483 4069 iogna
498 3995 534 4053 et
550 3986 576 4051 F
579 4006 705 4065 errata,
723 4006 822 4053 come
838 3987 885 4051 ha
900 3984 1023 4052 scritto
1041 3987 1085 4051 V.
1101 3988 1158 4067 R.;
1175 3985 1211 4051 di
1222 3986 1256 4053 lt
1273 3997 1443 4073 potranno
1457 3984 1612 4050 mandar-

379 4120 399 4165 e
419 4121 440 4166 a
458 4102 610 4167 Padoua.

436 4260 443 4293 ¹
482 4261 526 4314 Ex
539 4260 643 4316 codice
658 4262 777 4335 Rogat.
793 4261 835 4325 11,
848 4261 902 4319 iol.
917 4274 984 4331 51v.

435 4350 447 4384 ⁸
484 4348 620 4405 Andreas
634 4350 847 4423 Lippomanus.

431 4440 443 4469 ³
481 4437 617 4494 Andreas
630 4438 668 4494 de
681 4440 772 4495 Salvo
794 4448 826 4496 et
846 4440 956 4495 Fabius
974 4438 1131 4496 Basilicus.
1151 4436 1305 4495 «Andreas
1324 4446 1355 4494 et
1377 4438 1498 4509 Fabius,
1517 4434 1606 4505 sicull,

376 4543 443 4581 cum
458 4544 633 4598 recuperare
647 4529 806 4585 sanitatem
820 4528 935 4583 Patavii
947 4538 978 4585 et
988 4528 1126 4589 venetiis
1135 4546 1195 4585 non
1205 4537 1340 4601 possent,
1349 4528 1444 4583 Roma
1454 4527 1544 4583 misso
1555 4526 1610 4581 vlt·

374 4613 446 4686 tico,
461 4615 491 4671 in
504 4616 637 4673 Siciliam
652 4618 735 4674 missi
748 4626 849 4676 sunt.»
862 4618 1047 4690 PoLnrtCUS,
1064 4618 1189 4685 Chron„
1204 4618 1255 4690 IV,
1272 4620 1333 4678 126.

427 4707 440 4737 ⁴
476 4704 526 4761 ct.
542 4704 726 4779 Portncus,
742 4706 935 4778 Chron.,1v,
953 4720 1003 4779 129
1016 4716 1048 4763 et
1064 4706 1127 4763 130.
