3567 5409
419 450 472 521 314
776 454 983 511 Mouurrsrtra
1006 456 1185 511 lanarum

382 626 538 685 occorso,
555 609 621 676 che
637 610 750 675 Mons.
769 607 917 694 Giglio·
937 610 1041 677 credo
1060 608 1270 691 aiutarebbe,
1292 620 1327 676 et
1347 610 1437 675 forsa
1457 606 1613 674 darebbe

383 722 432 789 lui
446 723 480 789 la
495 723 707 809 ricompensa
723 724 920 791 uoluntieri.
939 726 1074 811 Questo
1091 727 1134 793 V.
1155 726 1197 793 R.
1214 727 1248 792 lo
1261 728 1382 812 puotrit
1399 744 1501 791 come
1518 722 1563 789 da
1579 722 1615 789 si

382 838 545 923 prouarlo
560 838 767 907 scriuendoli
784 861 854 908 una
868 841 1003 909 lettera.
1022 841 1087 909 Del
1100 853 1193 909 resto
1207 840 1254 907 mi
1267 841 1402 909 rimetto
1414 860 1434 905 a
1445 839 1567 925 quello
1581 838 1614 903 iu

384 952 505 1021 scritto
520 953 608 1020 altra
624 956 717 1022 uolta
733 977 834 1041 sopra
853 956 921 1023 c'id.

451 1070 519 1138 Del
535 1071 647 1139 Padre
662 1070 897 1139 commissario
914 1074 926 1107 ⁸
942 1072 1065 1141 scrisse
1081 1074 1125 1141 V.
1145 1074 1185 1139 R.
1203 1073 1225 1137 l’
1243 1073 1328 1139 altra
1343 1072 1530 1139 settimana
1551 1070 1616 1136 che

385 1186 435 1272 gI'
450 1207 510 1254 era
521 1199 654 1253 cessata
668 1188 703 1254 la
719 1188 826 1268 febre,
841 1209 897 1254 ma
909 1210 978 1255 non
991 1188 1015 1254 il
1027 1198 1189 1258 cattarro.
1207 1190 1254 1257 So
1271 1190 1336 1256 che
1347 1187 1384 1255 in
1395 1200 1522 1272 questa
1535 1205 1613 1253 casa

384 1322 444 1370 era
459 1322 528 1368 una
544 1323 691 1389 persona
707 1304 814 1370 molto
826 1304 1006 1372 molestata
1018 1305 1061 1373 de
1073 1316 1234 1383 canario,
1249 1305 1281 1371 la
1293 1303 1373 1391 qual
1385 1304 1505 1370 soleua
1519 1322 1616 1367 man·

384 1416 460 1503 giat
476 1438 578 1485 meno
589 1430 626 1485 et
640 1440 741 1486 senar
757 1419 828 1505 piu,
845 1429 880 1484 et
897 1422 1077 1487 muttando
1093 1418 1115 1485 1'
1127 1418 1260 1499 ordine,
1274 1419 1308 1485 in
1323 1418 1426 1487 modo
1437 1420 1505 1486 che
1518 1438 1615 1495 man-

385 1533 490 1619 giaua
505 1532 595 1601 assai
610 1545 646 1601 et
660 1555 793 1601 cenaua
809 1556 938 1620 puoco‚
956 1556 994 1601 se
1010 1534 1033 1599 li
1049 1535 1129 1604 leud
1145 1535 1168 1601 il
1184 1544 1345 1601 cattarro.
1368 1536 1506 1620 Questo
1529 1533 1549 1599 ὲ
1572 1554 1616 1599 un

385 1648 628 1734 ripresentare‚
646 1651 771 1736 perche
787 1651 823 1716 di
838 1650 870 1717 ld
891 1651 1064 1718 crediam'o
1084 1651 1309 1719 intenderano
1329 1648 1456 1737 meglio
1476 1648 1502 1715 il
1524 1648 1617 1715 biso-

385 1785 470 1848 gno.
490 1764 671 1833 Uorriamo
686 1786 786 1852 saper
801 1766 882 1835 sesi
898 1766 974 1835 lena
991 1766 1025 1832 di
1041 1768 1137 1846 letto,
1152 1777 1188 1835 et
1199 1766 1268 1835 esci
1281 1766 1316 1833 di
1328 1786 1464 1832 camera
1477 1786 1500 1832 ο
1512 1786 1570 1830 no.

454 1882 504 1947 La
520 1900 601 1947 cosa
615 1881 659 1947 de
674 1882 746 1948 don
763 1883 902 1949 Leoneo
917 1884 929 1918 ⁰
947 1881 975 1949 si
989 1882 1252 1949 raecomanderd
1263 1904 1283 1949 a
1296 1880 1363 1949 Dio
1379 1882 1423 1948 N.
1440 1882 1478 1949 S.

453 1996 520 2062 Noi
536 1995 659 2063 stiamo
674 1998 765 2078 bene
780 1999 888 2083 peria
904 1997 1021 2064 diuina
1037 1996 1161 2083 gratia,
1182 1998 1318 2066 benchie
1341 2017 1411 2063 uno
1431 2009 1485 2063 sta
1507 1995 1612 2061 infer·

386 2133 459 2193 mo,
480 2112 530 2178 fra
551 2129 613 2179 120
630 2132 773 2198 persone
789 2115 878 2180 della
894 2114 1109 2201 Compagnia
1124 2116 1190 2182 che
1205 2114 1314 2180 siamo
1329 2112 1364 2178 in
1382 2114 1501 2179 Roma.

457 2229 528 2313 Qui
544 2228 574 2295 si
595 2228 764 2295 mandano
785 2229 908 2297 alcune
927 2230 1049 2297 lettere
1069 2228 1327 2313 quadrimestre.
1347 2229 1391 2295 V.
1410 2228 1451 2293 R.
1469 2228 1502 2294 le
1523 2246 1615 2291 com·

387 2344 564 2410 municard
580 2364 646 2409 con
662 2342 686 2408 il
705 2344 816 2410 Padre
826 2344 1074 2425 commissario,
1088 2354 1123 2412 et
1139 2343 1263 2430 doppoi
1279 2341 1302 2409 li
1320 2324 1443 2409 mande
1457 2362 1478 2407 a
1496 2340 1614 2409 Mode-

389 2481 434 2526 na
450 2472 476 2537 ²,
494 2439 590 2527 accio
604 2460 673 2525 ‘che
685 2458 719 2524 di
737 2459 770 2526 la
782 2460 919 2545 passino
932 2482 951 2525 a
964 2462 991 2525 F
993 2480 1119 2547 errarat,
1134 2470 1169 2527 et
1184 2458 1219 2524 di
1232 2460 1373 2527 Ferrara
1386 2480 1406 2525 a
1422 2455 1569 2524 Venetia
1583 2463 1617 2520 et

389 2573 523 2641 Padoa.

456 2692 544 2757 Dell’
564 2691 658 2757 India
675 2691 857 2756 habbiamo
872 2692 971 2768 altre,
989 2691 1081 2775 quali
1096 2692 1125 2756 si
1142 2705 1371 2775 stamparano‚
1385 2710 1483 2756 corne
1495 2686 1610 2764 credo,

390 2817 426 2875 et
444 2807 472 2872 si
490 2806 709 2872 mamerano.
1125 2797 1131 2810 '

456 2922 536 2987 Non
553 2921 651 2999 altro,
670 2942 708 2989 se
724 2943 793 2987 non
809 2923 875 2989 che
889 2922 944 2987 ail'
962 2919 1106 2987 orationi
1118 2921 1152 2987 di
1165 2921 1208 2987 V.
1227 2923 1264 2987 R.
1280 2919 1359 2986 tutti
1371 2919 1402 2985 ci
1414 2936 1611 2986 raecoman·

389 3036 518 3103 diamo.
879 3096 887 3105 .

458 3155 512 3219 De
528 3154 635 3219 Roma
657 3172 696 3221 10
711 3153 747 3218 di
763 3153 908 3220 Febraio
930 3169 1025 3237 1554.

460 3270 655 3355 Inscriptio.
676 3269 708 3336 Α
727 3270 893 3355 Boiogna.
915 3270 960 3335 Al
978 3272 1017 3335 Ρ.
1036 3270 1064 3336 F
1066 3289 1229 3336 rancesco
1243 3268 1385 3334 Palmio.

396 3419 591 3427 »φὴ-ἠ

444 3518 458 3545 ²
497 3500 622 3556 Madena
638 3520 693 3561 ms.

446 3732 457 3765 ⁴
493 3728 621 3783 Thomas
636 3728 738 3785 Lilius.

447 3820 460 3851 ⁸
497 3818 627 3888 Joannes
643 3818 709 3871 Bts.
728 3818 826 3872 Viola.

446 3910 458 3941 ⁶
496 3908 690 3963 Bononiensis
703 3906 850 3973 sacerdos,
864 3905 984 3961 nomine
999 3905 1066 3973 Leo,
1083 3904 1158 3959 falso
1171 3903 1326 3958 dicebatur
1339 3901 1508 3957 «induxisse
1527 3907 1615 3957 sectas

353 3996 368 4022 ·'
393 3995 534 4068 quasdam
551 4006 582 4050 et
599 3994 784 4051 subvertisse
801 3992 948 4067 quoddam
969 3994 1206 4047 monasterium».
1228 3991 1411 4061 POLANGUS,
1432 3990 1557 4057 Ceron,
1570 3986 1616 4055 IV,

397 4097 458 4154 110,
471 4084 522 4156 qui
535 4084 616 4139 addit
627 4086 736 4139 bonum
747 4086 825 4139 hunc
835 4082 1019 4139 sacerdotem
1031 4081 1233 4137 confessiones
1243 4079 1345 4134 audire
1357 4078 1536 4153 prohibitum
1546 4090 1614 4132 esse.

395 4173 493 4244 Epist.
510 4173 634 4241 Mixtus,
648 4172 702 4242 IV,
717 4172 769 4227 228
783 4181 814 4226 et
827 4186 890 4241 229.
