3567 5409
438 446 492 501 ⁶88
809 448 1025 502 Moauusxra
1043 446 1227 500 lonarrnua

400 620 465 667 con
483 602 503 667 l'
521 596 606 668 altre
622 599 821 686 congionte‚
840 598 1074 667 riceuessimo.
1097 601 1202 667 Molto
1223 598 1445 687 ringratiamo
1462 598 1503 665 V.
1522 599 1558 663 R.
1579 598 1617 664 de

401 738 463 781 sua
480 714 658 802 diligentia
675 715 710 780 in
726 726 848 799 questo
864 736 945 781 caso
962 716 987 781 ³.

467 831 532 899 Del
549 832 680 898 fratello
696 832 863 897 Giacomo
881 832 1025 897 Morello
1038 852 1108 897 non
1124 832 1213 897 deue
1228 832 1278 895 far
1288 830 1453 895 difficulta
1466 829 1499 895 d'
1514 844 1618 895 accet-

403 947 488 1012 tarlo
504 946 526 1011 il
543 967 692 1015 vescouo
709 969 769 1032 per
786 946 807 1010 li
824 945 935 1012 ordini
951 944 1040 1012 sacri
1060 968 1120 1032 per
1141 966 1209 1013 non
1231 967 1326 1014 esser
1347 948 1498 1031 professo
1512 946 1536 1023 ⁸,
1553 966 1618 1031 per·

404 1062 468 1128 che
485 1064 667 1129 habbiamo
684 1064 790 1131 breue
805 1063 862 1129 del
884 1084 987 1147 papa,
1010 1062 1067 1130 nel
1087 1062 1188 1147 quale
1208 1062 1361 1128 concede
1381 1062 1414 1129 al
1432 1060 1621 1147 preposito²

403 1180 566 1264 generale
583 1180 648 1245 che
663 1200 765 1263 possa
781 1189 954 1247 accettare
969 1177 1171 1257 coadiutori,
1189 1179 1282 1262 quali
1298 1199 1368 1243 non
1385 1176 1537 1244 facciano
1551 1196 1620 1261 pro·

405 1296 563 1375 sessione,
582 1316 637 1360 ma
654 1295 675 1359 li
693 1294 762 1361 voti
779 1295 944 1380 semplici,
963 1307 998 1360 et
1014 1297 1079 1361 che
1094 1316 1241 1379 possano
1256 1315 1352 1363 esser
1364 1292 1508 1381 promoti
1520 1293 1561 1359 ad
1571 1313 1620 1357 or-

405 1409 502 1477 dines
518 1430 644 1490 sacros,
664 1410 765 1478 etlam
783 1412 1040 1496 presbyteratus
1056 1408 1070 1449 b
1085 1411 1130 1476 de
1141 1408 1278 1479 licentia
1290 1408 1474 1495 praepositi
1487 1430 1621 1495 genera·

404 1525 457 1607 lis;
476 1537 510 1591 et
526 1536 648 1610 questo
665 1527 781 1605 breue,
800 1526 970 1592 chiamato
985 1528 1028 1592 de
1044 1525 1247 1607 coadiutori‚
1266 1526 1287 1590 l'
1301 1524 1483 1592 habbiamo
1496 1524 1553 1609 qui
1564 1525 1620 1589 sub

404 1643 531 1707 annulo
546 1640 725 1727 piscatoris
741 1642 796 1707 die
814 1642 941 1729 §Junii
962 1643 1059 1725 15463
1078 1656 1112 1710 et
1128 1642 1162 1707 di
1180 1642 1294 1727 quello
1311 1662 1381 1707 non
1405 1640 1525 1707 dubito
1547 1642 1621 1706 han

404 1756 484 1823 bino
502 1780 547 1823 un
566 1769 760 1824 transuntto
777 1757 966 1825 auttentico
986 1758 1022 1823 in
1044 1758 1172 1844 Parigi3
1195 1769 1230 1827 et
1253 1769 1376 1845 questo
1396 1756 1427 1823 si
1448 1756 1575 1843 pratica
1592 1754 1621 1821 in

406 1883 495 1939 tutte
517 1875 547 1941 le
570 1874 658 1959 parti
679 1873 766 1939 della
789 1872 925 1943 nauita.
954 1874 1024 1958 Qui
1046 1874 1074 1940 si
1097 1875 1221 1941 manda
1243 1894 1313 1939 una
1338 1886 1476 1960 patente
1498 1876 1523 1952 ⁵,
1544 1873 1624 1937 douc

405 1988 514 2054 consti
531 1990 620 2057 della
636 1989 825 2057 admisione
840 1990 896 2056 del
914 1990 1049 2058 fratello
1065 1990 1232 2057 Giacomo
1249 1991 1392 2057 Morello
1416 2010 1478 2075 per
1497 1987 1621 2054 coadiu-

407 2117 482 2172 tore
498 2103 674 2191 spirituale
695 2118 730 2173 et
753 2106 841 2171 della
861 2104 1001 2172 licentia
1020 2125 1081 2191 per
1102 2099 1329 2193 promouersi.
1354 2107 1404 2172 La
1423 2103 1623 2191 professione

406 2220 449 2286 V.
471 2221 510 2285 R.
531 2241 568 2285 sa
584 2222 649 2285 che
665 2219 722 2286 chi
740 2242 808 2286 non
825 2222 844 2287 ὲ
862 2222 1026 2307 theologo
1042 2244 1110 2287 non
1127 2224 1160 2287 la
1176 2222 1244 2307 pud
1261 2222 1344 2289 fare.
1378 2253 1382 2262 ·

476 2334 573 2401 Delle
589 2357 704 2404 nuoue
720 2337 787 2406 che
803 2336 1013 2403 intendiamo
1028 2337 1082 2403 del
1100 2348 1217 2405 nostro
1232 2338 1366 2403 fratello
1383 2340 1485 2403 Mtr0.
1504 2334 1621 2402 Ruber·

403 2446 443 2515 'to
461 2449 631 2517 Claitonio
648 2454 673 2531 ⁰,
692 2452 723 2517 ci
740 2452 957 2538 rallegriamo
979 2473 1048 2518 non
1067 2472 1157 2539 poco
1177 2453 1233 2517 nel
1254 2452 1381 2539 Signor
1404 2464 1535 2530 nostro;
1558 2460 1588 2518 et
1604 2448 1623 2513 il

407 2568 468 2632 Dr.
489 2567 613 2647 Olaue,
633 2568 687 2633 ch'
707 2568 724 2633 c
743 2568 873 2654 pratico
890 2566 925 2632 in
944 2567 1072 2654 Parigi‚
1091 2588 1162 2633 non
1180 2578 1300 2653 reputa
1315 2588 1403 2653 poca
1419 2588 1501 2633 cosa
1515 2566 1539 2630 il
1560 2586 1623 2650 per·

408 2683 488 2768 golo
505 2683 541 2747 di
559 2694 658 2749 santo
677 2685 932 2751 BartholomeO.

478 2798 682 2885 Monsignor
699 2800 741 2867 de
763 2798 881 2886 Parigi
905 2802 929 2882 ¹,
952 2800 1170 2875 secondoche¹
1189 2798 1212 2863 il
1236 2800 1337 2865 Rmo.
1361 2798 1396 2863 di
1418 2798 1524 2866 Bellai
1543 2796 1572 2861 ci
1589 2798 1627 2861 ha

408 2914 516 2993 detta,
536 2915 554 2979 ὲ
572 2916 660 2983 nella
678 2914 731 2983 via
747 2936 768 2978 o
785 2915 919 2983 almeno
936 2914 970 2981 in
987 2913 1143 3001 procinto
1160 2916 1204 2983 de
1221 2916 1338 2983 uenire
1355 2938 1374 2981 a
1393 2917 1514 2983 Roma.
1528 2910 1624 2980 Ctesi

409 3041 536 3097 mostra
552 3032 659 3097 molto
675 3030 784 3098 amico
795 3054 816 3097 o
831 3032 964 3099 fautore
975 3032 1071 3099 detto
1083 3030 1268 3110 cardinale,
1286 3042 1321 3099 et
1334 3032 1409 3097 dice
1423 3033 1530 3097 hauet
1541 3027 1625 3096 scrit-

410 3160 444 3211 to
461 3169 481 3212 a
496 3169 560 3213 suo
577 3159 713 3233 nepote,
733 3146 934 3234 monsignor
950 3150 994 3217 de
1012 3147 1142 3233 Parigi,
1161 3146 1196 3213 in
1214 3146 1534 3214 raccomandatione
1548 3145 1626 3210 della

409 3262 624 3348 Compagnia
641 3274 772 3329 nostra.

461 3500 474 3528 π
511 3486 660 3559 proposito
673 3505 729 3545 ms.
767 3490 817 3531 ..u
837 3487 940 3542 ordine
955 3503 1058 3541 sacrus
1071 3498 1101 3541 et
1122 3488 1351 3559 praesbiteratus
1364 3506 1423 3541 ms.
1464 3501 1514 3531 ..c
1532 3486 1627 3541 Seras.

463 3682 473 3713 ³
510 3682 557 3740 Cf.
582 3684 765 3754 Pouauctm,
789 3684 913 3749 Claram,
934 3686 987 3755 lV,
1006 3684 1059 3755 319
1080 3697 1112 3739 et
1133 3684 1196 3758 ³2⁰3
1221 3686 1349 3741 maxime
1367 3704 1438 3741 vero
1453 3686 1628 3758 Epistola...
1734 3663 1736 3676 Ι

411 3774 527 3835 Βνοέέί,
542 3790 609 3843 pag.
623 3786 671 3843 97.

457 3865 474 3933 Ἴ·
513 3862 559 3915 Ad
582 3878 644 3915 rem
668 3862 849 3934 Potaracus¹
876 3864 1002 3932 caron,
1020 3864 1074 3933 IV,
1093 3862 1157 3934 319:
1177 3864 1328 3919 «Fratrem
1347 3873 1479 3919 nostrum
1499 3865 1629 3935 jacobum

411 3951 563 4005 Morellum
577 3949 612 4004 ad
626 3966 724 4005 sacros
737 3950 855 4007 ordines
871 3952 903 4011 P.
922 3938 1097 4008 Paschasius
1116 3954 1348 4025 promovendum
1365 3953 1483 4025 obtulit3
1503 3952 1556 4009 sed
1571 3951 1629 4024 quia

410 4037 560 4110 professus
573 4054 632 4093 non
645 4044 719 4108 erat,
737 4040 834 4094 nullus
852 4056 921 4094 eum
939 4042 1033 4095 volult
1050 4057 1233 4111 promovere:
1253 4042 1326 4096 itum
1345 4048 1391 4095 est
1408 4040 1447 4096 ad
1463 4041 1627 4113 Episcopum
1732 4039 1733 4042 ’

411 4126 619 4197 parisiensem,
633 4136 663 4183 et
677 4127 833 4184 Societatis
848 4137 965 4185 nostrae
979 4130 1134 4203 privilegia
1152 4130 1342 4203 significavit3
1360 4130 1415 4187 sed
1432 4130 1482 4186 ille
1500 4146 1560 4186 non
1572 4145 1628 4185 esse

410 4216 440 4271 in
453 4216 548 4271 Gallia
562 4226 689 4271 nostram
705 4218 881 4273 Societatem
895 4220 1086 4291 approbatam
1099 4222 1178 4275 clare
1191 4220 1371 4293 respondit.»

418 4348 420 4353 .
464 4308 475 4339 ⁵
513 4304 588 4360 Vide
601 4306 756 4377 epistolam
770 4307 961 4380 superiorem.
1198 4360 1202 4368 .

464 4398 476 4427 ⁴⁵
513 4396 659 4451 Robertus
678 4394 881 4468 Clayssonius.
901 4397 1083 4469 POLANCUS,
1100 4399 1226 4466 Chron„
1243 4398 1296 4470 lV,
1313 4398 1380 4473 320,
1396 4400 1488 4457 refert
1504 4418 1576 4475 quas
1589 4399 1629 4455 hic

410 4487 543 4557 repulsas
557 4502 660 4555 passus
678 4496 724 4541 est
741 4504 808 4541 cum
828 4486 986 4543 Societatis
1003 4489 1164 4544 adversarii
1182 4491 1263 4545 nullo
1282 4489 1369 4546 modo
1386 4490 1588 4562 permitterent
1603 4497 1628 4543 ut

409 4574 643 4633 concionaretur.
660 4575 734 4629 Vide
748 4578 843 4651 locum
858 4576 908 4631 ubi
923 4576 1089 4649 Clayssonii
1102 4578 1205 4634 laudea
1216 4579 1416 4637 continentur.

465 4666 474 4697 ⁷
513 4664 688 4719 Eustachius
702 4663 842 4736 Bellajus,
857 4683 949 4736 nepos
963 4666 1085 4737 Joannis
1098 4665 1212 4739 Bellaji,
1225 4667 1390 4729 cardinalis.
