3567 5409
569 483 674 552 Elusa,
692 499 849 556 4095.-20
868 487 1021 558 Jnuuinu
1043 499 1112 557 1554
1368 499 1420 571 235

292 649 490 781 Inscriptio.
504 637 605 782 Jhis.
631 690 650 759 f.
675 693 754 760 Alla
774 694 879 760 molto
901 693 1085 781 magnifica
1111 693 1179 761 mia
1206 675 1343 782 signora
1364 707 1379 744 ⁸
1401 695 1456 764 nel

221 805 352 894 Signor
369 820 485 876 nostro
501 810 673 876 madonna
685 809 794 877 Maria
810 809 865 877 del
882 810 1007 890 Gesso,
1026 831 1044 876 a
1061 812 1216 879 Ferrara.

788 991 895 1072 4⁰⁰5

293 1213 295 1218 ,
384 1123 525 1189 PATRI
545 1123 720 1211 JOANNl
745 1123 1042 1192 PELLETARIO
1068 1125 1130 1191 EX
1155 1125 1308 1194 COMM.

571 1245 573 1252 ‘
623 1259 711 1304 noun
732 1261 767 1302 20
786 1260 933 1314 Jnuunau
954 1259 1024 1318 1554
1043 1250 1064 1308 ¹.

225 1371 274 1426 De
291 1371 406 1444 pictate
427 1373 533 1428 animo
557 1371 701 1428 Ludovici
723 1371 853 1446 episcopt
874 1370 1244 1431 inmutanda-Litterae
1264 1375 1462 1433 aduertam

281 1459 467 1516 Frassonam
486 1463 795 1530 commemorat—De
811 1461 991 1536 argentemi
1005 1463 1332 1536 collegia-Mandata
1349 1465 1390 1520 ad
1409 1467 1461 1522 So·

282 1551 401 1606 aetatis
410 1551 535 1606 amicos.

298 1677 370 1744 Pax
386 1674 444 1744 X?

297 1791 531 1860 Riceuessimo
547 1794 659 1878 quella
675 1795 709 1860 di
726 1795 771 1861 V.
795 1795 838 1860 R.
860 1792 896 1859 di
924 1811 959 1860 11
982 1793 1039 1862 del
1060 1806 1231 1880 presente,
1255 1807 1290 1864 et
1311 1797 1341 1864 ci
1362 1797 1462 1875 talle-

227 1907 398 1994 grassimo
420 1907 456 1975 in
474 1909 623 1978 Domino
641 1913 706 1978 che
726 1909 756 1978 si
777 1909 945 1976 comincie
961 1931 982 1976 a
997 1909 1103 1978 ueder
1122 1910 1229 1977 frutto
1245 1912 1335 1981 uella
1351 1914 1461 1980 deuo-

230 2023 323 2092 tione
339 2024 396 2090 del
412 2045 563 2092 vescouo
579 2026 605 2109 ⁸,
623 2047 685 2112 per
705 2025 729 2092 il
749 2026 851 2110 quale
871 2024 987 2091 alcuni
1008 2023 1131 2091 ricordi
1151 2025 1457 2097 conuenirebbono

230 2161 293 2226 per
308 2140 333 2204 l'
350 2139 457 2206 offitio
472 2141 677 2228 episcopale,
695 2141 809 2209 alcuni
825 2162 885 2228 per
902 2141 934 2207 la
949 2161 1108 2226 persona,
1126 2152 1160 2210 et
1182 2141 1294 2226 questi
1317 2145 1458 2212 secondi

230 2253 352 2342 patino
374 2254 434 2342 piu
454 2255 725 2346 propo[r]tionati
740 2280 761 2324 a
781 2266 905 2342 questo
920 2255 1099 2343 principio,
1118 2267 1153 2324 et
1168 2256 1203 2322 di
1219 2257 1325 2342 quelli
1340 2258 1369 2324 si
1387 2259 1458 2326 fara

232 2372 342 2458 grado
362 2369 418 2439 all'
438 2371 526 2440 altri.
551 2375 617 2440 Per
637 2395 700 2440 sua
720 2393 865 2460 persona
888 2373 912 2440 li
932 2372 1032 2460 primi
1048 2371 1173 2440 ricordi
1190 2395 1271 2460 pare
1287 2375 1457 2443 debbiano

232 2509 326 2558 esser
346 2487 436 2556 circa
456 2485 478 2554 l’
498 2489 652 2557 oratione
672 2491 738 2559 che
760 2490 789 2558 si
810 2490 899 2569 dice,
921 2501 956 2558 et
975 2489 1101 2556 mando
1118 2488 1232 2556 alcuni
1248 2490 1356 2576 ponti,
1376 2491 1456 2560 delli

232 2605 324 2690 quali
340 2606 385 2673 V.
404 2607 444 2672 R.
459 2609 582 2692 puotra
597 2627 701 2674 cauar
716 2607 830 2692 quello
847 2605 1015 2673 conuiene
1030 2606 1063 2672 al
1078 2617 1245 2692 suggetto
1261 2605 1317 2673 del
1334 2607 1414 2694 qual
1428 2605 1458 2674 si

233 2731 345 2788 tratta.
360 2720 400 2789 Li
418 2740 438 2806 3
454 2721 550 2807 ponti
566 2721 665 2808 primi
681 2734 717 2792 et
733 2743 752 2808 3
769 2723 877 2790 ultimi
894 2744 955 2808 per
971 2720 1089 2788 ridurli
1105 2722 1139 2787 in
1156 2719 1326 2811 preltltica
1343 2722 1373 2789 si
1390 2724 1459 2790 fec·

230 2837 309 2904 cino
327 2837 440 2921 quelle
456 2838 523 2904 due
537 2837 681 2904 orationi
698 2838 828 2919 lattine3
844 2859 904 2924 per
920 2838 943 2902 li
961 2857 980 2921 3
997 2836 1093 2922 ponti
1109 2837 1144 2902 di
1161 2857 1259 2904 mezo
1270 2858 1418 2906 serueno
1435 2836 1458 2903 li

230 2951 313 3019 noui
337 2951 445 3021 alletti
468 2952 547 3021 delli
569 2953 679 3020 salmi.
705 2951 749 3020 Di
774 2965 897 3039 questo
919 2952 1090 3040 applicarit
1115 2954 1158 3020 V.
1190 2953 1229 3019 R.
1254 2952 1334 3039 pian
1358 2951 1459 3039 piano

230 3068 346 3153 quello
363 3068 386 3134 li
402 3069 534 3156 pareri.
555 3069 654 3136 Oltra
670 3067 703 3135 di
721 3079 843 3155 questo
860 3067 949 3138 seria
961 3071 1078 3135 buono
1090 3068 1277 3154 insegnarli
1290 3070 1313 3134 l'
1327 3090 1460 3137 essame

230 3184 266 3250 di
283 3183 492 3252 conscientia
507 3195 542 3252 et
557 3185 579 3252 l'
594 3179 766 3251 oblatione
782 3186 871 3252 della
888 3184 1047 3264 mattina,
1060 3196 1095 3250 et
1107 3183 1223 3270 dopoi‚
1239 3183 1267 3251 si
1284 3206 1322 3252 se
1335 3188 1403 3270 puo
1416 3185 1461 3250 ti·

231 3321 288 3365 rar
303 3299 368 3366 alla
384 3299 657 3385 frequentatione
674 3300 852 3387 maggiore
869 3301 949 3369 delli
971 3299 1189 3379 sacramenti,
1207 3300 1351 3368 sarebbe
1372 3300 1472 3385 buo-¹

231 3436 290 3495 n0,
309 3425 344 3482 et
359 3415 462 3482 etiam
479 3415 710 3483 innamorarlo
726 3417 805 3484 dell’
823 3415 1012 3484 elemosine
1025 3427 1059 3481 et
1072 3436 1175 3500 opere
1187 3414 1242 3501 pie
1254 3415 1334 3501 pian
1346 3414 1459 3501 pian0;

151 3581 162 3588 -
231 3553 289 3598 ma
312 3551 408 3598 come
430 3541 549 3616 queste
570 3552 656 3598 sono
676 3531 890 3598 conclusioni
907 3530 1078 3598 derriuate
1094 3530 1175 3595 dalli
1196 3529 1354 3616 principii
1375 3531 1463 3597 della

232 3647 339 3734 pieta,
357 3646 471 3733 quella
486 3647 575 3714 deue
596 3667 758 3733 procurat
780 3649 823 3715 V.
847 3649 905 3729 R,
928 3667 1026 3715 come
1048 3647 1076 3712 si
1097 3647 1116 3711 ἑ
1138 3648 1245 3726 detto,
1269 3645 1462 3731 imprimere

232 3763 325 3832 nella
341 3772 454 3830 mente
470 3761 504 3828 di
521 3773 644 3848 questo
661 3763 810 3852 glouene
827 3783 891 3829 con
910 3763 932 3828 li
949 3761 1049 3848 primi
1068 3761 1202 3842 ricordi3
1221 3762 1346 3846 perche
1362 3761 1463 3847 dopoi

233 3879 371 3947 correrii
386 3899 448 3966 per
465 3889 554 3946 tutto
570 3878 594 3944 il
611 3891 716 3958 resto,
735 3901 836 3945 come
853 3882 883 3946 c'
903 3879 1048 3964 insegna
1065 3877 1088 3942 il
1105 3877 1268 3942 salmista:
1288 3877 1353 3944 Uia
1366 3897 1461 3942 man-

231 3997 391 4062 datorum
405 4007 542 4062 tuorum
556 3995 692 4063 cucurri
705 4007 807 4062 cum²
820 3994 969 4062 dilatasti
982 4015 1043 4060 cor
1057 4015 1171 4060 meum
1186 3994 1210 4058 ³.
1221 3994 1262 4058 Et
1274 3995 1316 4060 de
1328 3992 1357 4058 is
1368 3991 1462 4059 satis.

288 4158 299 4198 f
333 4147 423 4212 Deest
435 4157 469 4209 in
482 4155 625 4212 «Machina
666 4171 713 4208 -u
729 4156 814 4210 Deest
828 4157 860 4210 in
877 4155 1018 4212 «Merita

289 4315 303 4342 ⁸
339 4315 394 4354 con
408 4315 465 4356 ms.

293 4449 299 4476 ¹
339 4444 381 4496 Ex
394 4441 497 4496 codice
511 4441 630 4514 Rogant.
645 4441 686 4504 11,
702 4441 752 4498 fol.
768 4440 813 4509 35.

289 4533 300 4566 ²
336 4530 517 4602 Ludovicus,
530 4531 595 4586 sive
609 4530 749 4595 Aioleion,
767 4530 909 4598 Estensis,
921 4527 1059 4583 Herculis
1074 4526 1100 4581 ll
1113 4526 1203 4593 filius,
1214 4541 1302 4596 quem
1318 4522 1472 4580 ferrarien·

233 4612 278 4676 'sis
295 4620 431 4693 princeps
446 4621 476 4676 in
490 4601 640 4676 Pelle'tarii
653 4618 838 4692 disciplinam
852 4619 1024 4674 tradiderat.

290 4711 301 4744 ³
338 4709 596 4782 Ps.cxvu1,32.

370 4815 473 4864 Morou.
485 4817 698 4870 lorum-Erret..
714 4829 775 4862 ron.
789 4817 836 4861 vt.
1313 4788 1339 4854 l'o
