3567 5409
505 485 611 541 Errsr.
630 483 786 551 mro-27
806 483 980 539 Fennunrur
1003 496 1070 552 1554
1325 496 1374 551 40¹

240 638 411 714 Inscriptio.
422 638 618 709 Honorabili,
629 638 786 715 religioso,
797 638 915 696 denoto
927 637 1029 707 nobis,
1040 637 1155 697 dilecto
1166 638 1314 715 magistro
1325 638 1414 715 lgna-

183 748 227 805 tio
246 747 285 804 de
309 745 440 821 Loyole‚
463 744 591 804 fratrum
614 743 776 803 Societatis
800 744 935 803 nominis
960 744 1052 803 Ihesu
1077 746 1239 819 preposito
1263 746 1415 821 generali.

185 854 323 913 Romam.

242 959 312 1019 Alia
324 979 426 1019 manu.
443 973 475 1033 15
481 973 526 1032 54
543 960 674 1019 Vienna.
686 960 745 1019 Del
758 978 792 1018 re
805 960 837 1017 di
853 960 983 1029 romani,
997 972 1012 1031 7
1029 960 1068 1017 de
1084 957 1210 1037 maggio
1223 958 1295 1017 addi
1315 958 1352 1017 16
1362 960 1414 1017 del

186 1068 279 1127 detto.

242 1174 355 1232 Exstat
366 1193 437 1231 cera
449 1174 547 1231 rubro
559 1174 666 1249 magni
678 1173 782 1249 sigilli.

496 1336 1096 1529 Episcopti2iitssnceusr

568 1587 657 1631 nous
677 1586 711 1643 27
730 1586 901 1630 rseaunnn
924 1588 993 1645 ¹554
1014 1577 1034 1632 ¹.

187 1718 319 1788 Abruptis
330 1719 443 1773 litteris
455 1736 524 1773 cum
543 1736 659 1791 magno
673 1720 856 1791 gratiarum
868 1718 1095 1791 significatione
1107 1716 1419 1775 rescribit-Gaudet

238 1808 372 1881 episeopo
377 1809 509 1879 probari
521 1807 640 1882 Ignatii
651 1807 833 1863 ammutium
842 1810 880 1864 da
893 1808 1062 1864 retinendis
1071 1810 1104 1863 in
1123 1806 1201 1864 Urbe
1212 1808 1384 1863 Schorr'clriu
1392 1812 1421 1863 et

237 1896 432 1967 rcbolomicir,
443 1914 518 1969 quos
530 1898 583 1952 illa
595 1898 638 1953 od
649 1896 813 1969 collegium
827 1898 1044 1971 germanicum
1059 1898 1196 1963 miserat,
1211 1902 1244 1951 ut
1256 1895 1374 1951 diutiss
1387 1897 1420 1952 in

239 1986 416 2041 litterarum
432 1990 462 2042 et
481 1986 608 2041 uirtutis
621 1986 781 2057 palaestra
798 1987 841 2041 od
858 1986 918 2041 Dei
935 1987 1106 2057 obsequium
1125 1985 1421 2043 excruciatum-De

238 2072 372 2146 singulis
387 2074 539 2145 quosdam
556 2075 676 2145 adjicit,
694 2091 847 2145 novusque
863 2079 1012 2145 exspectat
1032 2074 1163 2139 litteras,
1180 2076 1208 2129 si
1225 2090 1369 2129 revocare
1387 2068 1429 2129 ἐπ’

235 2166 375 2233 patriam
387 2180 458 2218 suos
470 2167 590 2235 nepotes
602 2164 770 2220 velit-De
784 2162 884 2217 Paulo
893 2162 989 2234 plura
1005 2162 1149 2218 Carisius
1160 2163 1284 2219 docebit.

756 2309 853 2429 Ihirs.

255 2524 351 2589 Rme.
371 2534 385 2561 ¹
402 2524 537 2608 praesul
552 2534 588 2589 et
603 2523 742 2592 domine
758 2522 793 2587 in
810 2522 875 2589 X.⁰
892 2524 1007 2589 obs.¹³⁶

254 2638 397 2706 Summa
420 2638 531 2725 gratia
553 2650 588 2706 et
609 2649 749 2707 eternus
774 2660 873 2705 amor
893 2642 937 2705 D.
963 2638 1007 2706 N.
1025 2640 1057 2727 J.
1079 2636 1135 2707 X.i
1155 2639 1422 2707 dominationem

189 2766 338 2821 vestram
356 2756 490 2822 Rmam.
509 2753 920 2840 spiritualiumdonorum
938 2775 1077 2821 suorum
1094 2756 1202 2822 effusa
1222 2768 1424 2841 promoueat

190 2870 364 2956 largitate.

256 2988 394 3055 Literae
410 2988 452 3055 V.
471 2990 515 3053 D.
542 2990 676 3065 Rmae„
696 2984 773 3053 vt·
796 2986 851 3054 die
869 2985 1077 3055 Nouembris
1093 2987 1137 3052 ad
1155 3008 1218 3053 nos
1234 2986 1381 3073 scriptae
1396 2988 1422 3065 ¹,

189 3103 378 3172 seriuscule
390 3124 411 3168 a
422 3104 467 3169 D.
485 3104 594 3169 Paulo
607 3102 619 3135 ⁸
633 3102 785 3187 perlatae
797 3112 891 3183 sunt3
911 3112 945 3170 et
958 3102 1038 3187 quia
1053 3100 1097 3168 de
1110 3101 1276 3189 singulari
1289 3099 1348 3169 illa
1361 3104 1425 3169 hu-

189 3218 355 3286 manitate
379 3238 420 3284 ae
439 3216 608 3285 charitate
630 3219 675 3284 D.
699 3218 744 3284 V.
771 3218 905 3297 Rmae,
925 3238 1037 3303 quae,
1062 3228 1100 3284 ut
1121 3216 1155 3284 in
1179 3218 1292 3298 factis,
1317 3216 1365 3284 ita
1389 3218 1425 3283 in

190 3333 327 3420 scriptis
342 3333 450 3419 ipsius
465 3333 627 3399 omnibus
642 3332 768 3413 elucet,
786 3332 891 3419 digne
908 3334 991 3401 satis
1007 3356 1027 3399 a
1044 3356 1098 3403 me
1114 3333 1198 3399 nihil
1210 3333 1278 3401 dici
1296 3344 1423 3419 potest,

191 3461 224 3519 et
241 3462 344 3537 grato
359 3448 475 3516 animo
491 3448 724 3536 agnoscend0,
741 3450 867 3527 Deum,
887 3460 926 3515 ut
945 3449 1131 3519 liberaliter
1148 3449 1326 3531 retribuat,
1348 3470 1422 3535 pre-

191 3566 274 3649 cari,
293 3586 395 3651 quam
417 3564 451 3631 id
473 3564 700 3653 significando
723 3564 838 3633 uerbis
859 3566 1015 3651 persequi
1033 3565 1144 3651 magis
1165 3586 1230 3631 nos
1250 3566 1361 3647 decet,
1384 3568 1426 3631 ad

193 3681 258 3749 alia
273 3704 330 3751 me
343 3692 487 3749 uertam.

260 3799 466 3882 Pergratum
483 3796 567 3862 mihi
584 3796 649 3863 suit
664 3796 847 3882 approbari
863 3818 884 3863 a
901 3800 945 3863 D.
965 3798 1007 3864 V.
1026 3798 1138 3878 Rma,
1158 3798 1251 3883 quod
1267 3798 1311 3865 de
1328 3800 1422 3884 Mag.

195 3914 298 3981 Petro
314 3912 519 3998 Schorichio
534 3913 569 3978 in
583 3912 779 3998 theologiae
795 3910 918 3979 studiis
930 3910 1058 3979 diutius
1074 3912 1261 3981 detinendo
1273 3913 1427 3980 omnimo

193 4028 442 4097 sentiebamus.
460 4029 519 4097 Sic
535 4028 625 4096 enim
648 4028 707 4096 fiet
725 4050 784 4113 per
800 4028 865 4095 Dei
888 4027 1048 4115 gratiam,
1072 4038 1111 4093 ut
1128 4049 1196 4114 quo
1217 4026 1252 4095 in
1268 4027 1428 4097 doctrina

249 4223 264 4251 ι
299 4206 470 4262 Rmuemr.

248 4370 257 4399 '
294 4368 338 4422 Ex
351 4366 455 4423 codice
468 4368 587 4441 Regni.
602 4369 647 4441 ΙΙ,
660 4367 713 4423 iol.
725 4365 948 4434 (rim-Corios,
964 4384 993 4423 n.
1012 4364 1267 4427 CCCCXXXVII.

245 4456 258 4487 ⁸
293 4456 356 4513 Has
375 4457 489 4515 Urbani
509 4456 663 4523 Tutoris,
687 4456 855 4513 labaceorir
874 4455 1023 4529 episcopi,
1044 4456 1159 4511 litteras
1178 4458 1271 4512 habes
1292 4456 1321 4513 in
1339 4472 1431 4529 opere

196 4548 295 4620 Epist.
307 4547 434 4615 Mixtus,
443 4547 499 4618 111,
509 4545 571 4616 588.

246 4635 258 4668 ⁸
295 4634 372 4691 Vide
385 4635 540 4708 epistolam
558 4649 642 4705 4207,
661 4636 713 4691 ubi
724 4637 763 4691 de
782 4636 873 4692 Paulo
891 4634 1042 4691 Skalichio
1062 4638 1154 4692 multo
1167 4636 1204 4691 ad
1220 4634 1373 4691 Canisium
1388 4634 1430 4690 di·

196 4734 312 4781 cuntur.

332 4822 434 4867 norun.
450 4824 670 4875 lexin-erm..
684 4834 743 4867 τοι.
758 4822 806 4867 Vl.
1296 4819 1324 4865 ὅ
