3567 5409
502 478 610 533 Errsr.
634 479 984 547 4174-17qurnn
1009 490 1076 547 ¹554
1327 474 1378 543 ³35

191 634 219 700 si
235 632 340 699 faccia
355 632 390 698 in
406 652 499 713 casa,
516 631 612 699 accio
627 631 724 699 siano
739 629 903 716 adimpite
923 629 945 696 li
962 629 1067 697 buoni
1088 643 1123 697 et
1143 630 1234 697 santi
1254 628 1412 699 desiderii

192 752 253 817 che
267 746 335 815 Dio
350 748 396 815 N.
413 748 451 816 S.
470 748 514 813 di
529 768 550 812 a
566 749 609 814 V.
628 747 717 815 Sria.

252 866 394 949 Quanto
409 863 441 930 al
463 862 582 949 signor
601 863 851 949 Segesmondo,
873 882 938 929 suo
961 862 1093 931 fratello
1108 864 1134 943 ¹,
1156 861 1192 927 in
1212 862 1327 946 quello
1348 864 1412 928 che

190 980 244 1047 noi
259 990 415 1066 potremo
429 977 586 1059 seruirlo,
603 991 639 1047 et
654 978 806 1045 secondo
821 981 853 1045 la
870 977 1083 1063 professione
1099 988 1214 1045 nostra
1228 979 1318 1046 nella
1329 998 1412 1045 con-

191 1096 335 1165 lenione
349 1107 384 1163 et
401 1094 487 1164 altre
501 1116 583 1165 cose
597 1092 766 1181 spirituali
781 1093 939 1175 alutarlo‚
958 1095 992 1160 lo
1008 1095 1137 1163 faremo
1154 1104 1250 1159 tanto
1265 1093 1325 1181 pit
1348 1116 1412 1161 uo-

188 1210 336 1285 luntieri,
354 1222 485 1295 quanto
500 1232 561 1296 per
575 1232 670 1279 esser
688 1210 820 1278 fratello
834 1208 869 1275 <li
888 1212 931 1277 V.
950 1208 1037 1278 Stia.
1057 1209 1166 1277 siamo
1191 1208 1249 1295 piri
1269 1208 1411 1295 obligati

188 1328 243 1393 nel
258 1328 296 1395 S.
315 1327 359 1395 N.
378 1326 488 1395 Gioetr
499 1325 566 1393 X.⁰

252 1443 290 1511 Si
310 1443 381 1509 farti
402 1443 505 1509 etiarn
525 1442 680 1509 oratione
703 1464 764 1529 per
787 1444 820 1509 la
839 1441 984 1529 eignora
1008 1441 1169 1522 Himelia,
1195 1440 1291 1509 aceio
1315 1440 1412 1507 lddio

188 1559 288 1628 NS.
312 1558 363 1644 gli
382 1558 433 1625 sia
452 1557 572 1645 guida,
593 1569 629 1624 et
649 1556 791 1624 indrizzi
812 1558 845 1627 le
864 1578 927 1626 sue
948 1578 1029 1625 cose
1051 1568 1151 1638 tutte,
1173 1568 1209 1624 et
1231 1558 1343 1641 quelle
1368 1558 1411 1625 de

186 1676 232 1742 V.
248 1674 352 1754 sna,
370 1695 390 1740 a
406 1672 566 1761 maggior
580 1673 734 1761 seruigio
749 1685 784 1741 et
800 1671 911 1761 gloria
925 1694 1001 1739 sua.

253 1789 348 1857 Tutti
376 1787 409 1855 ci
438 1788 732 1855 raccomandiamo
757 1791 865 1855 molto
891 1790 935 1855 da
962 1808 1069 1855 cuore
1092 1786 1171 1857 nell'
1196 1788 1342 1855 orationi
1370 1788 1414 1855 de

184 1904 231 1973 V.
248 1903 351 1984 Sria.;
369 1916 404 1972 et
420 1903 633 1990 prieghiamo
648 1904 681 1970 la
696 1902 814 1970 diuina
828 1916 864 1971 et
878 1924 1011 1971 somma
1027 1904 1147 1984 bonta,
1165 1926 1185 1971 a
1199 1903 1279 1973 tutti
1291 1922 1413 1970 conce-

183 2020 230 2086 da
244 2018 356 2106 gratia
372 2020 416 2089 de
431 2019 539 2087 sentir
553 2041 689 2105 sempre
705 2040 768 2086 sua
784 2019 979 2087 sontissima
996 2020 1149 2099 uolontal,
1164 2033 1199 2086 et
1211 2020 1325 2104 quella
1336 2040 1413 2105 per·

185 2136 586 2222 {ettamenteadempire
1329 2141 1331 2150 '

252 2251 296 2318 Di
314 2253 423 2318 Roma
443 2268 482 2333 17
497 2251 542 2317 de
557 2249 704 2318 Febraio
724 2268 820 2335 1554.

255 2368 453 2453 Inscriptio.
470 2369 503 2433 Α
519 2366 701 2433 Cremona.
721 2367 801 2433 Alla
816 2368 893 2437 Sra.
907 2368 1038 2456 Jacoba
1056 2360 1242 2435 Parausina
1258 2366 1345 2455 [sicl.

754 2548 850 2627 4174

476 2680 665 2747 ACHILLI
693 2680 756 2746 DE
784 2678 1125 2747 CAMPUGNANO

579 2818 668 2861 notra
684 2816 717 2874 17
728 2816 902 2861 reanum
917 2816 927 2858 r
933 2818 987 2875 554
999 2806 1019 2862 ¹.

183 2960 392 3022 Benedictum,
407 2959 567 3014 Sodomis
578 2959 790 3025 candidatum,
806 2958 936 3014 Romam
949 2976 1017 3014 cum
1030 2958 1109 3014 rocio
1122 2958 1236 3013 veniere
1249 2956 1416 3029 signifieat,

541 3048 673 3119 bonoque
686 3047 826 3103 omnious
838 3066 901 3104 esse
913 3048 1059 3119 exemplo.

253 3194 302 3261 ta
317 3213 450 3260 somma
465 3192 576 3279 gratia
592 3193 636 3260 de
652 3191 712 3260 X?
732 3193 776 3260 N.
799 3194 838 3261 S.
862 3192 913 3259 sia
935 3214 1068 3278 sempre
1089 3192 1124 3257 in
1146 3191 1240 3258 aiuto
1261 3200 1295 3257 et
1319 3191 1416 3257 fauor

184 3320 312 3375 nostro.

251 3424 309 3491 Ad
323 3446 391 3491 una
403 3426 525 3492 lettera
536 3425 581 3491 de
593 3427 637 3489 26
648 3423 682 3490 di
697 3425 889 3492 Decembre
903 3436 1040 3509 passato
1052 3422 1096 3491 de
1118 3424 1162 3489 V.
1181 3424 1221 3491 R.
1242 3419 1328 3511 [oic]‚
1350 3424 1415 3491 che

186 3544 289 3627 porto
307 3540 510 3618 Benedetto‚
529 3541 577 3606 ho
593 3538 679 3605 fatto
695 3552 848 3625 resposta
864 3560 930 3606 con
949 3540 972 3604 l'
997 3560 1114 3625 opera,
1139 3537 1359 3607 riceuendolo
1380 3538 1415 3603 in

186 3677 268 3723 casa
283 3655 425 3723 insieme
438 3676 507 3723 con
526 3659 583 3721 un'
601 3655 689 3721 altro
703 3656 854 3740 giouane
869 3656 937 3721 che
958 3654 1006 3721 lui
1027 3655 1128 3721 meno
1147 3673 1228 3721 seco
1247 3654 1314 3721 alla
1335 3653 1415 3723 reli-

185 3771 302 3857 gione.
323 3772 458 3839 Adesso
473 3774 518 3837 ho
535 3770 655 3837 uoluto
670 3770 869 3855 rispondere
884 3770 920 3837 in
941 3770 1073 3851 scritto,
1097 3770 1279 3838 lacendoui
1300 3770 1414 3839 inten-

185 3888 268 3956 dere
283 3890 348 3954 che
363 3886 392 3953 si
408 3900 507 3973 porta
524 3885 613 3954 bene
627 3882 650 3951 l'
668 3907 737 3952 uno
752 3896 788 3952 et
802 3887 826 3951 l'
844 3888 943 3966 altro,
962 3898 998 3953 et
1013 3886 1129 3953 denno
1144 3888 1259 3954 buona
1277 3884 1415 3952 edifica-

186 4002 281 4071 tione
296 4003 386 4070 nella
401 4022 492 4071 casa.
512 4003 555 4069 Et
570 4004 709 4086 quando
725 4002 809 4069 fatte
827 4002 858 4071 le
874 4002 1067 4088 probationi
1085 4024 1147 4071 sue
1163 4002 1192 4068 si
1210 4013 1416 4069 troueranno

185 4116 329 4205 disposti
344 4120 399 4205 pel
415 4118 545 4197 studio,
563 4119 653 4184 oltra
669 4119 734 4185 che
749 4118 783 4183 lo
801 4118 942 4185 lariamo
959 4120 1012 4204 pel
1029 4130 1147 4185 nostro
1164 4116 1289 4197 officio,
1308 4139 1368 4203 per
1384 4118 1417 4182 la

188 4232 497 4303 raccomanditione
513 4233 602 4299 della
619 4234 661 4300 C.
680 4234 724 4300 V.
740 4244 837 4299 tanto
848 4232 907 4319 piri
922 4234 1102 4301 uolentieri
1113 4234 1147 4299 lo
1161 4233 1301 4313 faremo,
1317 4253 1417 4300 corne

237 4469 250 4503 ¹
286 4468 332 4523 De
346 4484 383 4523 eo
396 4466 575 4523 mentionem
588 4466 701 4521 lecerat
717 4464 781 4537 ipsa
798 4466 910 4536 jacoba
930 4466 1109 4522 Pallavicina
1127 4466 1163 4521 ad
1183 4466 1331 4537 lgnatium
1348 4466 1418 4522 acri·

188 4557 272 4628 bens,
284 4567 302 4626 7
316 4555 389 4629 Jutti
404 4555 484 4626 1553.
499 4556 596 4628 Epist.
612 4554 739 4618 mator,
752 4554 807 4624 111,
821 4552 952 4623 382384.

239 4711 248 4741 ¹
286 4708 331 4765 Ex
342 4706 445 4765 codice
459 4709 580 4781 Rogat.
595 4707 637 4772 11,
652 4705 703 4761 tol.
717 4704 940 4772 son-Corma
955 4724 984 4761 n.
999 4706 1211 4765 CCCClllllll.
