3567 5409
404 476 457 545 576
784 474 991 530 Monuuanra
1011 472 1190 527 laminiana

366 639 401 696 et
416 628 446 693 si
460 625 480 694 ὲ
495 630 577 694 dato
593 626 735 713 ricapito
750 649 770 693 a
786 627 900 713 quella
916 648 977 711 per
992 625 1015 691 ii
1033 646 1097 691 suo
1112 624 1254 711 figlioio.
1274 624 1321 693 Se
1341 624 1374 689 ci
1390 626 1475 691 dari
1492 624 1597 712 ἠερο-

367 754 421 809 sta
437 764 474 809 se
489 742 666 810 manderi.

434 857 503 925 Noi
517 858 641 926 stiamo
655 860 745 925 bene
760 858 850 924 neila
865 878 947 924 casa
962 867 998 923 et
1018 857 1166 943 collegii,
1191 870 1226 926 et
1247 858 1277 924 ci
1295 858 1598 926 raoeomandiamo

366 974 420 1041 au'
439 973 586 1041 arationi
596 973 642 1041 de
658 973 750 1040 tutti.
765 974 824 1041 Sia
839 973 922 1060 Jesh
940 974 1005 1039 X.⁰
1021 972 1056 1038 in
1072 973 1166 1039 aiuto
1182 984 1216 1041 et
1234 974 1331 1042 fauor
1349 986 1468 1041 nostro
1484 971 1597 1041 conti·

368 1102 568 1158 nuamente.

433 1208 487 1273 De
504 1207 611 1273 Roma
629 1222 648 1287 7
664 1204 700 1270 di
718 1204 839 1291 Aprile
859 1220 956 1288 1554.

437 1323 634 1406 Inscriptio.
656 1322 807 1387 Padoua.

559 1614 700 1681 PATRI
723 1490 1135 1683 CAESAR14i314E⁴LM10
1160 1616 1222 1681 EX
1247 1615 1401 1683 COMM.

783 1738 872 1782 noua
891 1740 908 1796 7
928 1740 1049 1785 inanis
1071 1740 1141 1797 1554
1158 1728 1180 1787 ¹.

366 1856 410 1909 De
427 1853 515 1909 sociis
533 1854 567 1908 in
589 1853 728 1907 Siciliam
747 1851 980 1923 injicientibus,
1004 1852 1189 1908 valetudinis
1209 1854 1435 1921 recuperandae
1452 1858 1601 1908 causa-⁴

416 1944 570 1997 Henricus
584 1942 747 1996 Perusiam
760 1940 938 1997 mittendus.
947 1942 1025 1997 -Da
1038 1959 1129 2012 coquo
1141 1947 1264 1999 externo
1273 1936 1538 1999 adhibenda-Do
1549 1942 1598 1999 So·

415 2032 533 2086 cietaiis
544 2032 721 2085 candidato:
732 2048 793 2102 qua
805 2032 925 2085 ratione
940 2030 1068 2085 Romam
1081 2031 1350 2103 dirigenda-In
1364 2032 1538 2105 accipienda
1550 2038 1597 2103 pe·

414 2119 560 2176 cuniaria
571 2121 756 2190 eleemosyna
769 2118 842 2189 quid
852 2120 1074 2190 praestandum
1085 2121 1137 2185 sit,
1150 2120 1432 2179 docti-Annibali
1447 2126 1476 2176 ei
1494 2120 1597 2177 Domi·

416 2211 493 2274 nico,
508 2210 544 2264 do
558 2208 705 2264 &delate
717 2208 789 2264 bene
801 2209 929 2273 meritis,
940 2212 1079 2281 aguntur
1088 2210 1222 2281 gratiae.

433 2356 506 2419 Pax
523 2352 663 2419 Christi.

431 2473 497 2538 Per
513 2469 624 2554 quelle
640 2469 695 2537 del
716 2468 836 2533 vltimo
856 2468 912 2536 del
933 2480 1070 2553 passato
1091 2466 1302 2536 intendiamo
1323 2468 1347 2535 ii
1367 2468 1505 2537 amaiati
1526 2482 1593 2537 star

362 2584 501 2671 meglio,
525 2596 561 2651 et
580 2585 613 2651 la
633 2583 852 2670 opportuniti
868 2584 912 2649 de
928 2583 1094 2651 mandarli
1111 2606 1132 2649 a
1147 2582 1264 2653 Sicilia
1280 2586 1346 2652 che
1361 2584 1390 2651 si
1409 2586 1549 2653 offeriva
1563 2598 1587 2650 ¹.

361 2701 428 2768 Gia
443 2698 465 2765 l'
482 2700 568 2766 altro
587 2700 731 2766 sabbato
751 2698 886 2766 mandai
908 2720 976 2765 vna
996 2698 1103 2784 polisa
1124 2701 1180 2765 ch'
1203 2700 1386 2766 habbiamo
1409 2711 1592 2788 procurato

360 2816 394 2882 in
413 2818 521 2883 Roma
535 2816 580 2881 de
601 2832 637 2899 15
660 2832 693 2886 V
703 2813 737 2880 ³¹
752 2814 848 2882 accii)
862 2812 893 2880 si
909 2812 1041 2899 piglino
1059 2814 1138 2881 tutti
1154 2836 1176 2880 ο
1192 2816 1224 2881 la
1240 2827 1337 2900 parte
1352 2816 1386 2882 di
1404 2817 1510 2901 quelli
1531 2820 1592 2884 che

360 2935 436 2998 sari
453 2929 646 2999 necessario
663 2931 769 3016 peria
786 2928 958 2997 comoditi
974 2928 1030 2996 del
1045 2950 1109 2995 suo
1125 2929 1253 3017 viagi0.
1333 2990 1337 2997 .

426 3050 479 3114 De
500 3047 624 3113 Enrico
645 3048 657 3081 ³
678 3045 708 3112 si
727 3044 853 3112 scrisse
872 3047 907 3112 lo
927 3044 1146 3111 mandassino
1166 3068 1187 3111 a
1209 3045 1370 3131 Perugia,
1393 3047 1490 3115 aceib
1514 3069 1594 3133 pro-

325 3208 328 3213 ·
359 3163 452 3232 uassi
467 3164 570 3248 queil'
588 3162 658 3229 aria
674 3173 771 3229 tanto
781 3161 1005 3229 connaturale
1017 3183 1036 3228 a
1049 3160 1152 3247 queiii
1165 3162 1220 3231 del
1232 3183 1298 3229 suo
1311 3184 1425 3249 paese,
1439 3165 1590 3230 secondo

359 3282 424 3347 che
442 3279 473 3345 ci
490 3278 625 3345 dieono.

425 3396 517 3481 Quel
532 3394 688 3480 scropoio
703 3394 736 3459 d'
753 3403 925 3459 accettare
941 3392 964 3457 il
981 3392 1131 3479 giouene
1147 3414 1207 3478 per
1223 3392 1328 3462 esser'
1344 3405 1433 3461 stato
1450 3392 1486 3459 in
1510 3396 1593 3461 altro

358 3511 435 3577 loco
452 3510 520 3598 pi0,
539 3512 607 3596 pun
623 3530 771 3589 cessare,
787 3506 892 3574 etiam
909 3510 974 3575 che
991 3507 1073 3573 fossi
1090 3517 1180 3574 stato
1196 3508 1374 3578 seruidore
1384 3510 1428 3576 de
1440 3509 1593 3596 relligio·

358 3649 402 3694 ne
424 3628 563 3706 aieuna,
591 3646 660 3689 non
684 3623 831 3693 essendo
858 3627 941 3709 perii
966 3622 1155 3709 relligioso,
1186 3626 1310 3709 percha
1338 3646 1407 3693 non
1436 3646 1593 3713 repugna

357 3754 480 3827 quoeto
495 3764 516 3806 a
529 3752 647 3807 nostro
661 3738 833 3821 instituto,
850 3749 885 3806 et
901 3740 931 3804 si
948 3760 1163 3824 presuppone
1178 3738 1193 3779 ⁵
1209 3740 1275 3808 che
1291 3762 1358 3807 non
1377 3740 1406 3806 si
1419 3740 1528 3809 faccia
1542 3741 1593 3807 in·

356 3857 468 3944 giuria
483 3855 519 3922 in
534 3857 664 3923 leuarlo
679 3857 711 3921 al
732 3856 807 3921 loeo
828 3854 884 3940 pio
906 3856 1017 3941 (como
1036 3876 1105 3921 non
1127 3854 1156 3921 si
1177 3856 1211 3922 fa
1234 3856 1290 3923 nel
1310 3878 1391 3923 caso
1412 3856 1447 3922 di
1470 3865 1591 3942 questo

357 3973 464 4058 coco);
487 3994 525 4040 se
545 3994 609 4058 pur
630 3968 711 4039 fossi
732 3971 816 4050 tale,
839 3970 893 4036 ch'
911 3972 1064 4036 anchora
1081 3992 1118 4037 se
1134 3990 1291 4056 sperasse
1307 3970 1453 4039 sarebbe
1471 3970 1592 4039 idoneo

356 4090 422 4157 alla
436 4087 668 4174 Compagnia,
688 4097 784 4153 tanto
803 4086 931 4173 meglio
946 4087 1105 4153 sarebbe.

408 4320 422 4345 ⁸
458 4319 516 4375 que
530 4301 699 4357 sioiiereua
712 4320 768 4358 ms.
806 4304 858 4344 -b
876 4317 1042 4373 presupona
1056 4304 1112 4357 ms.

411 4517 419 4547 ¹
458 4512 503 4565 Ex
519 4509 621 4566 codice
640 4508 757 4582 Rogat.
775 4509 817 4575 II,
836 4508 887 4564 foi.
906 4507 953 4578 84.
972 4509 1078 4579 Magna
1095 4524 1162 4581 pars
1180 4510 1266 4581 hujus
1284 4510 1428 4582 epistolae
1446 4516 1545 4565 aaut
1564 4509 1593 4567 in

356 4600 428 4660 Coa.
444 4600 619 4664 mall,
633 4598 684 4656 fol.
701 4610 745 4669 15,
759 4598 834 4653 etin
850 4597 925 4655 cod.
941 4598 1028 4654 Rom.
1051 4598 1101 4652 VI.

408 4691 419 4720 ¹
455 4690 603 4745 Henricua
616 4686 806 4744 Sommalius.
