3567 5409
400 476 459 532 750

778 464 992 519 Monuunnra
1010 462 1197 519 lcumena

367 617 412 670 De
425 612 555 670 dimissis
573 623 603 669 et
620 614 804 669 dimittendis
824 632 840 668 e
855 614 955 669 Socie·
1012 612 1205 688 splendorem
1218 615 1410 685 collegiorum
1420 616 1510 671 variis
1520 632 1596 671 exer·

402 704 645 776 tate.-lgnatius
668 703 799 759 dimissis
820 704 852 758 in
873 704 958 759 India

402 811 418 847 e
441 794 600 859 societate,
621 795 645 849 si
664 795 727 865 apti
745 793 897 867 ceteroqui
920 792 958 847 ad

401 900 466 939 eam
479 884 549 951 sint,
565 893 742 956 potestatem
753 882 824 939 facit
837 883 957 938 venien·

401 972 431 1027 di
445 972 566 1028 Romam
581 972 735 1043 adipsum,
747 973 791 1042 89,
803 989 870 1028 curn
881 973 958 1027 hanc

401 1070 578 1135 potestatem
607 1061 730 1128 tribuat,
763 1060 884 1115 Xaverii
916 1060 956 1115 ia·

400 1160 491 1217 ctum,
516 1150 580 1206 illos
605 1150 793 1217 dimittentis,
820 1166 877 1205 non
903 1151 958 1204 im·

404 1242 519 1312 probat,
552 1237 605 1293 sed
633 1240 698 1294 vult
723 1239 828 1310 ejectis
853 1238 958 1294 salutis

404 1327 571 1401 perfugium
602 1327 761 1398 praebere,
792 1344 843 1398 90;
875 1335 959 1382 vetat

402 1434 590 1491 quemquam,
611 1434 648 1470 ex
667 1416 749 1473 Urbe
764 1416 897 1483 missum,
912 1433 956 1471 so·

402 1508 499 1563 dalem
525 1524 542 1561 e
573 1505 723 1561 Societate
748 1505 872 1578 expelli,
900 1504 958 1559 nisi

403 1595 586 1667 praemonito
612 1604 642 1650 et
668 1595 849 1666 approbante
873 1594 957 1665 Igna-

402 1685 454 1751 tio,
474 1685 537 1754 2763
559 1686 646 1740 utile
666 1682 819 1754 ejiciendis
842 1682 957 1753 experi-

335 1814 337 1819 .
402 1780 534 1827 mentum
548 1772 654 1844 capiat,
670 1788 721 1825 eos
734 1772 811 1825 solet
826 1770 956 1842 peregri·

402 1868 503 1915 natum
518 1859 645 1927 mittere,
660 1858 723 1925 203,
739 1874 801 1929 204.

368 1950 413 2004 De
432 1950 567 2019 collegiis
584 1949 681 2022 deque
694 1965 794 2004 eorum
807 1950 958 2019 guberna·

401 2036 686 2108 tione-Quaenam
719 2035 848 2109 requirat
873 2036 958 2106 Igna·

401 2127 459 2180 tius
474 2134 505 2181 ut
518 2125 680 2181 Societatis
693 2126 851 2195 collegium
866 2125 958 2180 stabi·

402 2214 449 2268 liri
470 2224 569 2286 queat,
591 2227 654 2284 5293
677 2212 789 2284 cogitat
811 2212 958 2267 sociorum

402 2302 560 2358 stationem
574 2302 642 2359 inde
656 2304 769 2369 tollere,
789 2302 841 2357 ubi
859 2300 958 2356 Socie-

403 2400 447 2445 tas
475 2390 564 2445 aedes
596 2390 727 2463 proprias
753 2406 811 2444 non
838 2390 956 2456 habeat,

401 2478 464 2551 5803
488 2478 525 2535 de
546 2480 745 2536 contrahendo
767 2496 836 2534 aere
859 2480 958 2534 alieno

401 2569 472 2641 quid
503 2570 621 2635 sentiat,
653 2568 717 2636 6133
744 2568 824 2625 dolet
849 2569 957 2626 nostris

401 2656 566 2713 florentinis
585 2670 686 2713 vestes
704 2657 828 2713 hiberno
846 2666 957 2729 tempo·

402 2764 433 2802 re
447 2746 562 2812 deesse,
577 2762 642 2818 42ος
656 2763 766 2819 eosque
785 2764 900 2802 summa
913 2764 957 2801 re·

401 2854 465 2891 rum
488 2837 586 2908 inopia
607 2835 710 2909 premi,
736 2836 780 2908 383
800 2836 887 2906 jubet
908 2854 957 2891 ne·

401 2924 529 2981 cessaria
554 2925 642 2980 sociis
667 2925 783 2980 venetis
803 2926 956 2997 praebere,

402 3032 439 3069 ne
465 3014 536 3087 quid
560 3014 605 3069 eis
630 3014 718 3078 desit,
742 3012 787 3083 353
812 3023 957 3069 rectorem

401 3102 572 3174 patavinum
602 3101 689 3157 docet
723 3101 760 3156 de
792 3102 958 3174 quantitate

400 3192 497 3246 carnis
515 3192 552 3245 ad
572 3190 683 3245 victum
703 3190 792 3245 sociis
815 3191 957 3261 praeben·

401 3279 448 3347 da,
463 3280 559 3352 deque
574 3296 710 3335 mensura
722 3276 794 3345 vini,
811 3290 872 3346 214,
892 3291 956 3349 2153

402 3368 529 3440 injungit
556 3368 665 3423 rectori
695 3366 837 3437 eugubini
868 3367 957 3421 colle·

401 3458 443 3527 gii
461 3467 494 3513 ut
512 3458 607 3512 virum
623 3466 778 3511 externum
803 3455 839 3509 ad
858 3454 956 3509 dome·

401 3544 476 3601 stica
510 3546 659 3613 adhibeat,
694 3543 745 3617 3⁰3
778 3553 956 3615 argentense

402 3636 560 3707 collegium
578 3652 636 3690 non
654 3652 721 3690 esse
742 3634 956 3690 admittendum

402 3733 496 3796 putat,
516 3738 580 3794 4113
602 3726 666 3780 vult
684 3725 803 3778 omnino
819 3732 852 3778 ut
868 3725 958 3778 colle·

401 3814 483 3883 glum
508 3830 660 3884 genuense
686 3812 779 3867 solide
805 3811 955 3878 fundetur,

402 3919 439 3956 ne
450 3903 539 3957 sociis
553 3902 719 3957 necessaria
732 3900 840 3967 desint,
854 3918 957 3972 quem·

402 3991 558 4046 admodum
591 3991 657 4046 aliis
691 3989 807 4056 accidit,
841 3989 887 4061 38;
919 3988 957 4044 ad

403 4080 610 4153 Septembrem
631 4098 723 4153 usque
743 4080 842 4136 differt
864 4081 957 4135 socio·

402 4188 466 4226 rum
481 4168 661 4237 missionem,
673 4169 724 4242 qui
733 4186 887 4241 genuense
897 4172 955 4225 col·

402 4258 513 4327 legium
526 4258 706 4329 auspicaturi
721 4268 800 4325 sunt,
811 4256 875 4325 636,
891 4256 955 4326 6373

402 4347 562 4417 collegium
594 4348 778 4417 eugubinum
807 4344 954 4412 dissolvit,

403 4435 957 4508 1824526111(101211000111011101111

404 4526 486 4580 italia
499 4525 683 4580 incommoda
696 4524 876 4591 valetudine,
892 4522 955 4582 218.

404 4708 411 4735 ¹
451 4706 537 4759 Plura
549 4705 586 4759 de
600 4704 645 4759 his
660 4704 729 4759 vide
742 4704 804 4759 suis
817 4702 902 4758 lucia.

1046 702 1237 758 citationibus
1268 704 1402 774 Ignatius
1436 713 1595 775 promovet,

1046 789 1111 863 3063
1125 791 1270 846 sollicitus
1287 799 1335 847 est
1345 791 1384 847 de
1396 793 1491 853 libris,
1504 792 1554 865 qui
1570 794 1597 848 in

1046 882 1156 936 scholis
1187 884 1406 955 praeleguntur,
1438 899 1598 953 expurgan-

1047 969 1104 1035 dis,
1123 984 1187 1039 ²⁰4=
1209 970 1273 1039 3063
1293 971 1451 1026 lectionem
1469 972 1556 1026 Vivis
1571 982 1598 1025 et

1047 1059 1180 1114 Terentii
1194 1077 1253 1115 non
1269 1062 1422 1132 approbat,
1436 1060 1474 1115 ad
1488 1067 1599 1131 tempus

1048 1157 1147 1202 tamen
1159 1148 1315 1218 permittit,
1329 1150 1392 1219 267;
1410 1148 1483 1220 quid
1495 1149 1599 1204 sentiat

1047 1235 1085 1289 de
1095 1235 1292 1291 Savonarolae
1305 1236 1398 1303 libris,
1411 1237 1459 1304 8o;
1473 1237 1599 1292 modera-

1047 1324 1158 1379 tionem
1177 1326 1208 1379 in
1221 1325 1473 1397 disputationibus
1484 1342 1599 1381 servare

1047 1411 1202 1484 praecipit,
1220 1410 1265 1480 35,
1288 1412 1335 1480 ³⁶3
1355 1421 1437 1467 vetat
1458 1426 1565 1484 pueros
1583 1430 1599 1466 a

1047 1500 1228 1555 nostratibus
1253 1502 1414 1567 verberari,
1446 1502 1511 1568 268,
1539 1502 1598 1563 606;

1048 1605 1163 1656 pueros,
1175 1590 1225 1662 qui
1238 1590 1340 1661 legere
1351 1591 1496 1657 nesciant,
1511 1592 1601 1662 prohi-

1048 1681 1101 1734 bet
1125 1678 1162 1735 ad
1186 1688 1301 1734 nostras
1331 1681 1447 1735 scholas
1475 1681 1600 1746 admitti,

1048 1768 1111 1837 2693
1129 1766 1200 1839 quid
1213 1784 1266 1838 pro
1286 1767 1386 1823 Sicilia
1404 1777 1526 1835 statuat,
1540 1770 1599 1838 269.

1048 1855 1137 1924 (Vide
1155 1856 1262 1925 Ignatii
1273 1872 1417 1927 responsa
1434 1856 1471 1912 ad
1483 1856 1601 1912 Siciliae

1048 1942 1270 2015 provincialem,
1289 1945 1418 2014 267-270,
1438 1948 1490 2001 ubi
1512 1948 1599 2001 etiam

1048 2035 1147 2105 agitur
1162 2034 1201 2089 de
1212 2036 1493 2107 reprehensionibus
1511 2036 1541 2091 in
1553 2055 1601 2109 pu·

1049 2122 1126 2176 blica
1139 2139 1241 2177 mensa
1254 2122 1350 2189 factis,
1365 2122 1403 2179 de
1416 2125 1543 2179 ministri
1556 2142 1603 2196 po·

1048 2218 1157 2265 testate
1174 2210 1252 2265 circa
1264 2221 1391 2277 nostros,
1406 2213 1497 2267 etiam
1510 2230 1604 2268 sacer·

1049 2302 1145 2365 dotes,
1160 2298 1198 2353 de
1214 2301 1408 2355 concionibus
1425 2302 1456 2355 in
1473 2300 1538 2356 iuro
1554 2318 1604 2373 pu·

1047 2388 1145 2455 blico,
1178 2388 1215 2443 de
1250 2387 1398 2460 frequenti
1437 2398 1603 2445 nostrornm

1047 2477 1243 2532 eucharistiae
1265 2478 1466 2549 susceptione,
1489 2478 1527 2534 de
1549 2496 1604 2533 usn

1047 2566 1138 2620 latine
1156 2566 1306 2637 loquendi,
1319 2565 1357 2620 de
1369 2566 1551 2622 abstinentia
1563 2566 1604 2622 fe·

1047 2653 1109 2708 riae
1121 2657 1248 2722 sextae.)

1011 2742 1120 2814 Ignatii
1144 2743 1322 2813 gubernatio
1343 2744 1421 2799 circa
1442 2744 1605 2817 spiritualia

1047 2831 1206 2887 Societatis
1219 2832 1604 2889 ministeria.-Missionern

1048 2922 1243 2993 aethiopicam
1266 2931 1396 2992 apparat,
1419 2935 1466 2990 71,
1489 2935 1535 2992 74,
1558 2926 1603 2993 96,

1047 3022 1093 3078 97,
1118 3010 1181 3078 2083
1208 3019 1291 3065 curat
1313 3018 1346 3065 ut
1371 2998 1605 3067 «Directoriumn

1048 3114 1101 3169 pro
1121 3097 1311 3153 confessariis
1332 3108 1364 3153 et
1382 3101 1605 3171 poenitentibus

1047 3185 1230 3253 conficiatur,
1244 3186 1375 3259 illudque
1388 3187 1425 3242 ad
1438 3190 1605 3259 provincias

1049 3274 1150 3343 mittit,
1167 3276 1227 3342 166,
1245 3277 1380 3348 1673n0n
1392 3280 1498 3348 probat
1517 3288 1551 3333 ut
1568 3278 1605 3333 ad

1048 3367 1178 3437 privatas
1200 3365 1375 3421 feminarum
1394 3368 1495 3433 aedes,
1516 3368 1606 3423 Exer-

1047 3454 1118 3510 citia
1144 3454 1308 3526 spiritualia
1340 3456 1474 3516 tradendi
1497 3458 1604 3529 gratia,

1047 3545 1114 3618 quis
1127 3562 1160 3599 se
1173 3544 1316 3612 conferat,
1331 3559 1394 3617 5213
1414 3546 1441 3600 si
1455 3554 1554 3602 autem
1568 3548 1605 3603 de

1047 3633 1180 3707 principe
1190 3644 1322 3689 matrona
1335 3645 1449 3705 agatur,
1459 3637 1606 3709 quaedam

1048 3720 1194 3777 servanda
1203 3722 1357 3795 praecipit,
1368 3736 1432 3792 521;
1442 3727 1605 3780 animarum

1037 3826 1147 3865 curam
1160 3828 1176 3865 2
1189 3809 1340 3866 Societate
1352 3830 1413 3867 non
1429 3830 1497 3868 esse
1513 3816 1606 3870 susci·

1048 3900 1185 3972 piendam
1194 3899 1339 3967 decernit,
1349 3901 1482 3974 345·347;
1493 3902 1542 3975 iis,
1554 3906 1605 3977 qui

1047 3989 1194 4043 sociorum
1207 4005 1326 4059 operam
1339 4000 1455 4060 petunt,
1469 4008 1535 4046 eam
1545 3995 1606 4063 pol·

1047 4078 1153 4133 licetur
1162 4077 1200 4131 ad
1214 4077 1343 4133 instituti
1354 4080 1447 4133 nostri
1460 4098 1603 4147 normam,

1047 4183 1106 4221 non
1118 4174 1220 4221 contra
1233 4164 1392 4221 Societatis
1404 4170 1498 4238 leges,
1515 4169 1577 4237 184.

1010 4256 1252 4311 lib-Icuarrus
1277 4268 1320 4309 ur
1348 4267 1432 4313 socri
1455 4270 1604 4316 311101111-

1047 4358 1102 4399 Tur
1117 4350 1136 4403 ¹.
1146 4345 1308 4416 -lgnatius
1325 4347 1431 4417 probat
1443 4348 1604 4403 Earzaeum

1047 4434 1174 4505 collegio
1188 4452 1286 4505 goano
1303 4444 1334 4490 et
1357 4436 1446 4491 sociis
1468 4435 1500 4492 in
1524 4438 1605 4493 india

1049 4524 1238 4579 versantibus
1268 4527 1468 4597 praepositum
1500 4526 1602 4595 fuisse,
