3567 5409
398 502 454 556 606
777 504 984 559 Mortuum
1008 505 1186 559 tenerrimi

431 656 558 722 Nostro
574 657 686 723 Padre
698 658 742 720 ha
756 657 887 738 hauuto
899 679 918 723 a
931 656 1045 742 piacet
1057 656 1112 723 del
1125 656 1255 723 arriuar
1267 656 1309 724 de
1325 660 1427 725 Mtro.
1445 658 1578 729 Michae-

363 772 395 840 le
412 770 583 858 Biscayno
600 772 642 837 de
658 773 898 857 Hyerusaiem.

432 888 480 955 Le
495 908 620 954 corone
636 907 704 953 non
720 886 748 953 si
765 887 927 953 mendino
942 910 1005 973 per
1020 888 1050 953 la
1073 898 1182 974 posta,
1207 910 1261 955 ma
1282 910 1342 974 per
1365 890 1507 973 qualche
1523 892 1581 957 sra-

344 1034 347 1039 ·
364 1003 445 1068 telio
461 1025 483 1069 o
498 1000 608 1069 amico
623 1004 690 1068 che
707 1022 819 1088 venga
835 1024 936 1069 uerso
953 1013 1076 1089 queste
1091 1004 1214 1071 bande.

432 1118 662 1185 Riceuessimo
678 1097 829 1185 etiam'la
844 1120 965 1186 lettera
981 1120 1036 1187 del
1052 1121 1176 1205 Cayro;
1195 1128 1230 1188 et
1246 1121 1406 1187 hauendo
1422 1144 1442 1187 a
1458 1122 1580 1207 partirsi

363 1256 423 1320 per
452 1234 475 1299 il
502 1233 628 1321 Lugiio
650 1235 682 1299 le
703 1234 832 1321 galero,
857 1234 888 1299 ci
915 1234 990 1301 sart
1018 1248 1131 1321 tempo
1156 1237 1199 1303 de
1226 1235 1377 1305 scriuere
1405 1248 1440 1302 et
1464 1238 1581 1305 aiutare

362 1351 476 1436 quella
497 1353 613 1417 buona
629 1372 787 1436 persona.

397 1463 401 1470 ’
431 1467 602 1546 Nessum,
632 1469 697 1535 che
719 1467 769 1533 sia
790 1477 880 1534 stato
902 1467 1075 1554 relligioso
1091 1468 1127 1533 in
1143 1468 1231 1535 altro
1252 1469 1384 1550 ordine,
1404 1472 1472 1555 pud
1487 1472 1582 1536 esser'

363 1593 534 1649 accettato
554 1583 609 1650 nel
631 1594 760 1661 nostro,
783 1594 817 1651 et
839 1593 961 1668 questa
982 1585 1001 1649 e
1022 1584 1128 1652 breue
1150 1584 1305 1653 chiareza
1325 1584 1358 1651 di
1384 1586 1463 1669 quel
1487 1596 1585 1671 ponto

363 1701 428 1767 che
445 1699 574 1766 ricerca
591 1697 634 1765 V.
655 1699 695 1764 R.

433 1816 498 1881 Del
513 1813 637 1901 pigliar
654 1818 833 1880 correttor’
856 1835 938 1900 pare
960 1814 1104 1884 sarebbe
1124 1836 1204 1883 cosa
1226 1818 1332 1883 molto
1352 1816 1586 1897 conueniente,

365 1952 403 1998 se
418 1930 620 2015 monsignor
635 1930 664 1997 si
681 1942 911 2010 contemtiose,
931 1942 1132 2017 presuposto
1153 1934 1217 2000 che
1238 1933 1271 1999 ia
1291 1932 1507 2019 Compagnia
1527 1954 1589 1999 non

365 2048 443 2113 uole
459 2050 524 2115 che
544 2045 566 2111 li
587 2045 693 2113 nostri
714 2046 866 2113 habbino
886 2070 907 2113 a
928 2049 1062 2116 battere
1083 2048 1106 2114 li
1128 2048 1261 2135 figlioli.
1284 2049 1493 2117 Aduertisca
1514 2051 1591 2135 pero

365 2163 399 2228 ia
422 2163 463 2228 R.
487 2163 532 2228 V.
556 2149 633 2242 che,
655 2182 753 2229 come
775 2184 842 2229 vno
862 2164 976 2229 arriua
997 2163 1031 2229 di
1056 2186 1163 2249 quaa
1189 2183 1227 2249 13
1252 2186 1273 2230 0
1298 2182 1337 2246 14
1357 2164 1450 2244 anni,
1479 2187 1545 2232 non
1565 2164 1592 2232 si

363 2279 461 2345 suole
483 2280 616 2344 battere
632 2299 694 2364 per
710 2278 734 2343 l'
755 2278 1014 2348 inconuenienti
1035 2283 1099 2345 che
1121 2291 1265 2361 toccate;
1290 2302 1345 2347 ma
1365 2278 1388 2345 1’
1408 2278 1592 2367 incorregi-

365 2396 424 2464 bili
445 2418 511 2462 con
532 2398 659 2483 parole,
681 2397 711 2463 si
732 2396 895 2463 mandino
915 2419 980 2464 eon
1002 2396 1081 2464 Dio.
1107 2400 1133 2465 E
1156 2420 1237 2465 uero
1259 2400 1324 2465 che
1348 2420 1409 2484 per
1432 2398 1454 2463 ii
1477 2398 1593 2485 piccoli

365 2514 385 2579 ἐ
406 2513 513 2578 molto
535 2514 727 2580 necessario
747 2512 803 2578 chi
823 2512 846 2577 li
868 2513 1028 2600 castighi3
1051 2524 1085 2580 et
1112 2513 1146 2580 in
1169 2514 1397 2600 qualsiuoglia
1414 2515 1516 2581 modo
1532 2517 1593 2581 che

278 2679 281 2683 -
365 2628 393 2694 si
420 2628 547 2714 potessi
573 2626 749 2697 trattenire
777 2650 823 2694 vn
847 2640 1047 2711 correttore,
1070 2650 1138 2696 non
1163 2629 1340 2697 dubitamo
1363 2629 1509 2700 sarebbe
1533 2630 1592 2695 vti·

367 2743 509 2813 lissim0.

431 2859 532 2927 Circa
548 2861 660 2945 quella
677 2881 833 2945 persona,
851 2860 896 2928 de
912 2860 968 2925 cui
990 2860 1203 2947 promotione
1225 2862 1257 2927 al
1278 2860 1470 2929 sacerdotio
1490 2864 1519 2926 si
1542 2860 1592 2925 di·

366 2977 490 3042 manda
508 2996 626 3060 parere
642 2997 662 3041 a
679 2977 721 3041 V.
742 2976 798 3054 R.,
817 2977 838 3041 t’
856 2976 941 3042 altra
953 2976 1135 3043 settimana
1152 2976 1181 3042 si
1198 2976 1293 3062 potrti
1313 2977 1363 3043 fer
1381 2974 1592 3055 risolutione,

365 3093 493 3177 perche
511 3112 579 3155 non
596 3090 778 3157 habbiamo
794 3094 902 3157 hauto
918 3103 1033 3177 tempo
1048 3106 1169 3177 questa
1184 3093 1227 3159 de
1242 3093 1448 3159 consultare.

434 3206 552 3273 Potria
565 3210 670 3273 esser’
688 3209 765 3286 che,
783 3208 815 3273 al
831 3206 962 3273 arriuar
977 3208 1011 3273 di
1025 3219 1158 3291 questa,
1173 3206 1304 3275 fossino
1318 3206 1440 3293 giomi,
1456 3230 1527 3274 non
1540 3230 1594 3274 so·

365 3324 513 3389 lamente
529 3323 552 3388 il
569 3322 608 3387 P.
628 3322 797 3407 Quintino
812 3336 847 3388 et
864 3322 886 3386 li
899 3322 954 3388 doi
971 3322 1153 3408 compagni
1170 3322 1246 3389 suoi
1264 3324 1289 3403 ⁸,
1304 3333 1339 3389 et
1353 3324 1454 3389 Mtro.
1472 3322 1595 3389 Adria-

365 3460 410 3505 no
427 3441 438 3473 ⁸
456 3449 585 3505 venuto
600 3437 635 3503 di
651 3439 805 3516 Petram,
824 3427 879 3506 ma
896 3437 998 3506 etiam
1013 3437 1140 3505 fossino
1157 3437 1272 3524 partiti
1288 3439 1319 3503 la
1336 3439 1427 3505 volta
1443 3435 1477 3504 di
1494 3440 1522 3505 F
1523 3438 1596 3505 ian·

366 3555 440 3620 dra.
459 3556 503 3619 Et
518 3553 643 3639 perche
663 3553 687 3618 il
707 3554 804 3620 detto
825 3557 928 3621 Mtro.
951 3553 1103 3620 Adriano
1124 3566 1178 3619 sta
1198 3553 1401 3640 indisposto,
1426 3554 1597 3622 uorriamo

366 3668 448 3735 fossi
475 3670 697 3736 accomodato
724 3671 876 3738 secondo
895 3668 918 3735 il
939 3668 1116 3756 conseglio
1137 3669 1230 3756 degli
1253 3669 1387 3737 medici.
1414 3672 1455 3737 Et
1474 3692 1512 3738 se
1539 3691 1598 3755 per

367 3796 489 3870 questo
505 3808 576 3851 non
592 3786 792 3852 bastasseno
808 3785 830 3849 li
847 3785 965 3853 danari
984 3784 1125 3871 prouisti
1143 3786 1197 3871 (de
1212 3785 1304 3870 quali
1317 3786 1390 3852 dirt
1402 3786 1426 3851 il
1441 3788 1480 3853 P.
1497 3788 1597 3853 Mtro.

366 3900 559 3986 Quintino),
577 3900 599 3966 li
617 3901 714 3986 potrd
727 3901 770 3967 V.
790 3902 831 3967 R.
850 3902 923 3981 dar,
942 3900 977 3967 di
994 3900 1097 3986 quelli
1119 3916 1169 3985 15,
1189 3902 1222 3968 la
1239 3913 1333 3987 parte
1354 3903 1419 3969 che
1441 3906 1517 3968 sard
1538 3923 1600 3969 ne·

366 4016 527 4096 cessaria,
546 4039 568 4083 o
582 4037 666 4083 uero
678 4016 700 4081 li
713 4016 928 4130 pigliarenno
941 4037 961 4082 a
973 4016 1096 4082 canbio
1109 4038 1209 4103 sopra
1221 4016 1255 4083 di
1268 4017 1338 4096 noi,
1353 4020 1419 4085 che
1431 4038 1492 4103 per
1505 4016 1600 4085 nien-

368 4143 402 4197 te
420 4131 449 4198 si
467 4133 624 4199 mancare
637 4134 680 4199 de
695 4152 813 4217 pagar.
830 4133 873 4197 Et
888 4132 924 4197 in
941 4144 1063 4216 questo
1076 4131 1173 4199 basta
1186 4132 1333 4199 carricar
1345 4134 1378 4199 ie
1389 4130 1601 4199 conscientie

420 4386 432 4418 ⁴
469 4382 630 4453 Quintinae
652 4381 797 4451 Charlart,
821 4382 968 4436 Antonius
991 4384 1151 4437 Boucietus
1170 4391 1200 4436 et
1222 4382 1326 4437 Petrus
1346 4380 1504 4437 Adrianus.
1525 4382 1601 4438 Vide

368 4473 522 4545 epistolam
536 4470 619 4541 4308.

422 4564 433 4593 ·’·
470 4560 618 4616 Adrianus
631 4559 792 4631 Candidus,
811 4560 861 4633 qui
879 4570 979 4616 temen
997 4576 1065 4615 curn
1084 4558 1286 4632 superioribus
1304 4558 1452 4632 protectus
1471 4577 1531 4616 non
1543 4570 1601 4633 est,

369 4648 483 4705 medico
502 4650 584 4705 ilium
607 4648 644 4704 ad
663 4659 779 4721 tempus
797 4648 827 4705 in
845 4649 929 4704 Italia
947 4648 1110 4708 detinente.
1133 4648 1238 4703 Postea
1252 4648 1442 4704 nihilominus
1460 4664 1527 4704 cum
1545 4650 1604 4706 clio

369 4737 458 4793 fratre
473 4738 582 4793 missus
594 4747 650 4793 est.
