3567 5409
387 515 391 522 .
458 494 564 549 Em
583 491 1080 562 4³13⁸142¹4r²71²2⁸⁸1¹⁵⁸¹¹
1102 505 1170 563 1554
1343 491 1395 563 ³95

642 639 645 643 ’
762 648 855 728 4213

483 782 641 848 pantu
666 782 906 849 nicoeno
930 780 1140 870 LANOJo

587 918 676 961 noun
690 918 725 973 ²7
737 918 910 961 annuatur
927 918 996 975 ¹554
1015 905 1036 960 ⁸.

277 1047 321 1103 De
333 1047 447 1103 litteris
459 1050 503 1103 ad
517 1050 719 1104 Gaudentem.
729 1048 892 1104 -Litterae
904 1048 998 1104 etiam
1012 1066 1048 1104 ex
1061 1048 1153 1104 india
1166 1049 1343 1103 mittuntur.

259 1192 329 1276 Qui
348 1212 392 1257 ua
409 1214 478 1258 una
493 1205 588 1261 certa
605 1194 727 1261 lettera
744 1214 804 1279 per
819 1193 844 1259 il
863 1196 902 1260 P.
920 1194 1094 1261 Gaudanu
1112 1194 1123 1227 ¹
1141 1194 1185 1262 de
1207 1215 1253 1259 un
1275 1214 1339 1260 suo
1362 1195 1427 1261 ira-

193 1306 287 1376 tello.
304 1307 349 1374 V.
363 1309 406 1374 R.
425 1309 514 1377 ueda
529 1329 567 1374 se
583 1312 661 1377 sera
675 1308 874 1394 espediente
890 1307 1146 1400 mostra[r]glila
1161 1308 1234 1377 cosi
1252 1330 1351 1377 corne
1368 1328 1424 1390 ua,

191 1442 216 1487 o
231 1443 312 1489 uero
328 1423 451 1509 tagliar
467 1424 590 1491 alcune
606 1414 687 1493 'cose
702 1426 767 1491 che
783 1425 815 1492 le
831 1424 989 1509 potriano
1005 1425 1069 1490 dar
1092 1424 1240 1491 fastidio

261 1538 384 1604 Mando
399 1538 502 1605 etiam
515 1540 574 1623 qui
592 1539 712 1606 lattine
727 1552 821 1607 certe
838 1541 959 1609 lettere
974 1541 1057 1607 dell'
1072 1538 1178 1607 India.

261 1653 457 1739 Inscriptio.
477 1654 578 1721 Perii
600 1656 640 1721 P.
661 1656 792 1741 Lanoy.

756 1863 851 1943 4214

338 1993 477 2060 partu
503 1993 759 2063 uuuunuoo
784 1996 1008 2074 ontrario
1034 1997 1095 2062 Ex
1121 1996 1274 2063 conn.

581 2130 668 2173 noun
683 2132 717 2188 27
731 2132 902 2174 renuuntur
920 2132 988 2189 1554
1008 2122 1027 2175 '.

194 2258 326 2315 Oliverii
342 2262 465 2317 litterae
482 2263 881 2322 desiderantum-Romani
898 2264 971 2318 socii
991 2264 1061 2319 berre
1079 2262 1364 2320 volent-Litteras
1380 2268 1422 2320 od

242 2351 418 2405 Adrianum
440 2351 885 2410 commemorat.-Cuoitlonii
909 2354 1064 2425 negotium
1087 2354 1422 2413 commendatur.-De

242 2439 460 2495 Maximiliono
472 2440 761 2513 Capella-Studia
775 2442 897 2515 collegii
912 2444 1036 2497 romani
1044 2444 1172 2513 florent:
1184 2442 1265 2497 Deus
1279 2443 1341 2497 ruis
1354 2445 1420 2497 aiu·

242 2528 321 2581 mnis
332 2530 481 2600 providet.

257 2676 329 2739 Pax
347 2674 404 2742 X}

253 2788 465 2856 Charissirno
482 2790 517 2857 in
534 2792 598 2858 X.⁰
617 2792 739 2859 Padre.

252 2906 328 2971 Con
350 2904 372 2969 Γ
394 2906 514 2973 ultimo
534 2908 684 2974 corriero
706 2929 774 2974 non
796 2908 982 2974 habbiamo
1003 2907 1160 2975 riceuuto
1186 2929 1276 2975 noua
1296 2910 1419 2977 alcuna

186 3020 227 3088 de
244 3022 289 3086 V.
316 3023 372 3101 R.,
391 3032 425 3091 et
438 3045 506 3088 non
523 3024 693 3090 uorriamo
707 3025 773 3092 che
789 3023 924 3090 uenessi
938 3044 1067 3091 nessun
1082 3024 1232 3090 corriero
1245 3024 1417 3091 ordinario

186 3138 249 3203 che
265 3160 337 3203 non
353 3158 393 3205 ce
410 3140 555 3224 portassi
572 3141 693 3209 lettere
711 3163 732 3207 o
749 3162 840 3209 noue
855 3142 899 3209 de
917 3143 960 3208 V.
982 3143 1022 3207 R.

252 3255 318 3320 Noi
334 3254 458 3321 stiamo
473 3256 546 3322 sani
567 3258 612 3338 oo
635 3277 783 3342 persone
806 3257 860 3322 nel
881 3256 1041 3342 collegi0‚
1065 3269 1099 3323 et
1124 3257 1222 3342 quasi
1243 3257 1417 3323 aitretanti

185 3370 273 3436 nella
288 3389 381 3450 casa,
399 3381 433 3434 et
450 3372 505 3437 nei
522 3372 668 3457 collegio
684 3371 882 3457 germanico
899 3376 1050 3439 anchora
1067 3382 1204 3439 stanno,
1222 3452 1224 3455 Ι

251 3485 374 3552 Scriuo
390 3488 422 3551 al
439 3490 479 3552 P.
499 3480 681 3554 Adriano’
699 3488 807 3555 faccia
819 3488 1016 3574 participea
1032 3488 1073 3553 V.
1090 3490 1131 3555 R.
1146 3488 1235 3554 delle
1248 3510 1339 3555 noue
1351 3490 1416 3555 che

183 3601 322 3666 haueri.
343 3603 409 3669 Per
426 3614 547 3686 questa
564 3603 586 3667 li
603 3605 832 3669 raccomando
846 3603 950 3671 etiam
964 3604 1079 3687 quello
1091 3602 1203 3671 seriue
1216 3603 1239 3669 il
1254 3606 1292 3670 P.
1311 3606 1413 3671 Mtro.

183 3713 321 3782 Giouan
338 3716 511 3797 Couiilon,
529 3730 564 3785 et
580 3720 708 3786 mando
727 3742 795 3785 una
819 3740 963 3804 procura
987 3740 1047 3805 per
1069 3718 1190 3805 pigliar
1211 3732 1315 3785 conto
1336 3720 1416 3788 delli

183 3832 259 3898 beni
276 3832 366 3913 suoi,
384 3850 418 3899 et
435 3834 615 3919 disponere
631 3836 849 3901 secundoche
871 3835 919 3901 lui
941 3834 1054 3901 scriue
1074 3848 1109 3902 et
1129 3835 1279 3903 scriueri
1298 3837 1330 3902 al
1351 3857 1414 3902 suo
1483 3878 1486 3893 ·

183 3959 306 4033 tempo.
327 3948 540 4018 Finalmente
556 3950 584 4015 si
602 3927 766 4035 pretende
781 3954 888 4019 hauet
905 3952 1145 4019 informatione
1163 3973 1223 4036 per
1239 3962 1337 4037 poter
1361 3950 1415 4016 di-

183 4061 237 4146 poi
253 4063 445 4149 disponere.
467 4066 530 4133 Lui
548 4066 726 4152 risguarda
742 4066 765 4132 il
781 4066 928 4153 collegio
943 4078 1156 4149 tornacense,
1171 4068 1272 4152 quale
1285 4070 1413 4133 ancho-

185 4216 368 4225 ——-----.—--

236 4304 242 4332 ¹
282 4300 324 4353 Ex
336 4298 440 4355 codice
456 4302 572 4372 Regest.
588 4300 629 4364 tr,
642 4300 693 4356 iol.
707 4308 769 4370 oar,
784 4302 861 4357 inter
875 4303 973 4373 plures
987 4302 1129 4373 epistolas
1147 4304 1185 4355 ab
1201 4302 1305 4357 eodem
1325 4301 1412 4356 libra·

181 4388 223 4441 rio
235 4398 379 4459 exaratas,
393 4406 469 4461 quae
481 4389 560 4444 diem
575 4403 609 4459 27
623 4390 776 4445 Februarii
789 4390 969 4463 praeierunt.

231 4483 242 4512 ¹
281 4478 420 4533 Nicotaus
430 4478 602 4537 Gaudenus.
618 4479 693 4534 Vide
707 4480 861 4552 epistolam
876 4479 1068 4552 superiorem.

236 4636 242 4665 ¹
281 4632 324 4685 Ex
337 4630 440 4685 codice
453 4632 572 4700 Restat.
586 4633 629 4696 11,
644 4632 694 4690 iol.
708 4636 768 4687 621.

232 4722 243 4753 ²
280 4720 427 4775 Adrianus
442 4721 575 4777 Adriani.
594 4721 670 4777 Vide
684 4722 839 4793 epistoiam
853 4734 938 4789 4211.
