3567 5409
534 427 820 495 Eersr.4211.-2·1
840 428 1015 483 Fruuusnn
1036 440 1104 498 1554

782 584 862 665 4211
992 634 995 641 ⁴

513 714 655 783 PATRI
680 715 898 784 ADRIANO
922 706 1119 785 ADRIANI

583 850 670 895 nous
692 851 917 907 4711111111
939 850 1008 909 1554
1029 840 1046 894 ¹.

194 984 395 1057 Sumoropm
406 986 518 1040 hudo!
531 985 658 1042 Patrem
674 986 800 1042 Petrum
813 987 850 1042 de
864 986 945 1054 Solo,
968 985 1006 1043 O.
1028 987 1077 1049 Ρ.,
1091 1002 1178 1057 quem
1191 987 1338 1057 optimum
1346 984 1430 1056 judi·

250 1079 300 1129 cat
312 1074 355 1129 od
365 1090 490 1129 causum
503 1080 641 1129 nostrum
653 1077 740 1147 opud
750 1092 905 1131 carmem
918 1076 1083 1148 agendam.
1092 1076 1168 1130 -De
1177 1074 1334 1131 cardinali
1344 1075 1431 1142 Polo,

252 1163 410 1220 &cistulis
419 1165 752 1236 patrona-Indimus
766 1164 887 1221 litterae
897 1164 1163 1223 initiantem-Dc
1174 1163 1262 1219 sociis
1276 1169 1304 1219 ct
1318 1164 1432 1219 schola·

249 1254 331 1309 sticis
343 1254 491 1311 romanis.
505 1254 662 1310 -Societos
674 1256 707 1309 iu
722 1254 878 1326 Hispania
885 1256 991 1326 floret:
1004 1256 1041 1310 dc
1053 1254 1181 1327 collegio
1193 1253 1381 1309 cordubensi.

268 1397 341 1463 Pax
358 1394 415 1463 Χ.ί

265 1510 477 1579 Charissime
492 1511 527 1578 in
546 1512 611 1579 X.⁰
629 1514 744 1581 Pater.

265 1627 473 1713 Accepimus
489 1628 533 1695 V.
553 1629 594 1695 R.
609 1628 752 1709 litteras,
767 1647 809 1712 23
821 1628 976 1716 Januarii
993 1628 1150 1714 scriptas,
1168 1627 1294 1713 quibus
1306 1626 1341 1693 in
1355 1629 1427 1693 Do-

197 1744 294 1809 mino
304 1742 574 1812 consolationem
590 1742 763 1811 sensimus
779 1766 849 1811 non
866 1743 1085 1812 mediocrem.

263 1860 368 1944 Quod
383 1858 506 1927 attinet
521 1860 565 1925 ad
581 1859 764 1945 negocium
781 1859 917 1945 collegii
936 1858 1157 1939 memiensis,
1173 1859 1309 1925 tractari
1328 1880 1424 1925 com-

195 1974 331 2041 modius
347 1986 408 2041 aut
422 1973 586 2043 eficacius
601 1996 663 2060 per
677 1976 782 2041 alium
801 1998 870 2042 non
884 1986 1016 2061 poterat
1029 1996 1132 2058 quam
1146 1996 1206 2061 per
1220 1976 1342 2043 Rdum.
1357 1977 1423 2042 Pa·

197 2104 285 2159 trem
301 2092 340 2157 F.
362 2093 501 2159 Petrum
517 2091 561 2159 de
577 2092 690 2169 Sotto,
708 2090 789 2178 quia
806 2091 864 2158 uix
877 2091 982 2157 alium
996 2090 1168 2171 nouimus,
1184 2090 1242 2175 qui
1255 2099 1323 2157 tam
1338 2090 1426 2157 serio

194 2206 326 2273 Christi
342 2207 538 2294 negociabet
555 2206 712 2293 xpianae.
738 2206 925 2294 reipublice
946 2220 980 2275 et
1002 2217 1097 2274 tanta
1117 2227 1196 2273 cum
1219 2206 1426 2274 auctoritate

194 2324 287 2408 apud
303 2342 497 2391 caesaream
515 2322 727 2407 majestatem
743 2344 848 2408 agere
863 2334 992 2408 posset,
1014 2324 1103 2389 unde
1126 2340 1160 2391 et
1182 2321 1311 2389 exitum
1335 2323 1424 2406 opti-

195 2459 289 2503 mum
305 2449 537 2523 expectamus.
557 2438 684 2505 Scribit
705 2440 747 2505 ad
769 2460 849 2507 eum
877 2442 916 2509 P.
941 2442 1001 2506 Dr.
1026 2440 1193 2516 OlaueuS,
1218 2436 1277 2522 qui
1300 2458 1425 2523 magna

194 2553 424 2623 familiaritate
443 2568 479 2623 et
494 2556 643 2623 amicitia
664 2556 773 2623 eidem
794 2568 809 2596 ¹
825 2556 1031 2623 coniunctus
1052 2556 1179 2622 est-V.
1202 2556 1242 2621 R.
1261 2550 1275 2591 b
1291 2552 1425 2620 curabit

195 2682 235 2735 ut
251 2671 296 2738 he
311 2670 423 2738 littere
434 2670 581 2739 fideliter
596 2670 627 2736 ei
645 2672 832 2738 reddantur
847 2672 871 2737 ¹.

265 2787 401 2852 Rmum.
428 2788 534 2855 Card.
560 2788 680 2853 Polum
704 2786 737 2854 in
759 2786 896 2873 collegii
920 2786 1066 2871 negocio
1088 2798 1122 2855 et
1144 2786 1219 2854 aliis
1240 2784 1426 2872 propitium

191 2922 329 2988 semper
349 2902 501 2970 inueniet
522 2904 568 2972 V.
592 2905 633 2969 R.
657 2915 692 2971 et
711 2904 755 2969 ad
776 2901 905 2987 optima
926 2923 1083 2987 quaeque
1107 2902 1252 2969 maxime
1273 2922 1422 2988 propen-

192 3038 282 3097 sum,
301 3040 388 3103 quae
411 3030 464 3086 est
483 3020 558 3087 eius
574 3020 683 3106 pietas
698 3031 732 3084 et
753 3018 940 3105 singularis
961 3040 1045 3105 erga
1061 3040 1124 3085 nos
1141 3031 1175 3085 et
1196 3040 1317 3087 omnes
1340 3020 1425 3085 affe-

191 3146 272 3199 ctus
287 3134 475 3203 charitatis.
493 3135 531 3203 Si
544 3134 696 3201 Louanii'
707 3134 822 3213 fuerit,
842 3156 911 3200 non
928 3134 1033 3203 semel
1051 3130 1163 3200 Patris
1181 3132 1290 3200 nostri
1307 3144 1342 3200 et
1360 3135 1424 3202 So-

193 3250 328 3317 cietatis
343 3250 482 3318 nomine
494 3250 606 3337 ipsum
623 3251 773 3319 salutare
790 3249 962 3336 oportebit
975 3251 999 3315 ³.
1276 3244 1277 3249 ’

260 3366 395 3432 Indicas
410 3366 545 3435 litteras
561 3367 661 3431 mitto
674 3366 779 3432 latine
793 3378 807 3407 ⁰
819 3387 949 3446 uersas,
963 3366 1058 3445 alias²
1074 3387 1153 3431 curn
1167 3365 1313 3451 primum
1328 3386 1426 3431 uerse

200 3482 341 3562 fuerint,
360 3482 536 3549 missurus.

259 3600 333 3665 Nos
348 3598 477 3667 Romae
493 3598 649 3667 ualemus
666 3598 771 3677 domi,
791 3615 826 3667 et
842 3598 878 3663 in
895 3598 1041 3683 collegio
1058 3609 1177 3663 nostro
1194 3595 1274 3664 etin
1290 3616 1427 3681 germa-

192 3716 283 3792 nico,
302 3712 361 3779 ubi
378 3714 450 3782 fere
471 3732 532 3780 120
546 3715 591 3780 de
608 3713 781 3783 Societate
807 3714 941 3798 agimus
964 3725 1098 3799 praeter
1120 3732 1303 3797 germanos
1324 3712 1419 3776 scho-

191 3828 343 3908 lasticos,
367 3850 514 3915 quorum
536 3851 718 3897 numerum
747 3830 844 3897 breui
865 3830 1065 3913 augendum
1090 3848 1284 3913 speramus,
1309 3824 1425 3889 multis

189 3947 256 4011 boc
274 3966 356 4012 uere
368 3945 402 4010 in
416 3944 544 4013 Vrbem
558 3944 812 4012 confluentibus
825 3942 894 4011 err‘¹
911 3942 1076 4029 superiori
1091 3940 1289 4012 Germania.
1306 3940 1424 4006 Occu-

150 4196 155 4203 ·
241 4140 256 4164 ⁸
293 4121 402 4192 eijdem
415 4140 470 4180 ms.
513 4126 561 4165 --b
583 4123 619 4177 V.
634 4122 709 4181 Ram
722 4140 777 4176 ms.
818 4136 866 4164 -ο
886 4122 994 4176 latinae
1008 4138 1063 4179 ms.
1113 4122 1160 4163 -d
1180 4128 1280 4173 etms.

244 4287 250 4314 ¹
265 4334 269 4341 .
291 4284 335 4339 Ex
347 4283 451 4340 codice
467 4286 585 4356 Regest.
601 4285 643 4347 ll,
657 4284 708 4342 tol.
723 4286 769 4344 61.

241 4378 253 4407 ¹
293 4372 368 4428 Vide
385 4375 540 4446 epistolam
559 4387 642 4445 4195,
661 4384 691 4428 et
710 4392 785 4446 quae
804 4374 834 4428 in
852 4391 886 4428 ea
904 4390 940 4427 ex
961 4373 1126 4443 Pontum,
1148 4370 1271 4433 Chron„
1291 4366 1424 4437 114181

188 4464 252 4533 285,
266 4463 433 4521 retulimus.

241 4554 253 4584 ⁸
290 4550 372 4623 Quid
385 4570 438 4623 pro
451 4552 600 4608 Societate
613 4552 644 4607 in
658 4553 761 4623 Belgio
770 4552 979 4607 constituenda
990 4550 1086 4621 egerit
1097 4548 1174 4622 apud
1185 4548 1332 4620 principes
1343 4545 1422 4601 viros

188 4641 371 4714 Regiualdus
385 4641 482 4713 Polus,
498 4642 628 4714 explicat
642 4642 825 4711 Ponticus
842 4642 968 4705 chron„
983 4639 1034 4710 1V,
1050 4636 1178 4707 285-288.
