3567 5409
571 485 832 552 Eersr.4415.-1
854 483 934 547 Man
957 494 1023 551 1554
1325 482 1378 551 657

250 640 303 706 De
323 639 356 703 la
377 637 476 723 copia
497 637 551 703 del
564 636 769 704 cancellario
782 638 837 703 dei
853 638 941 703 duca
954 637 987 701 di
1004 634 1149 703 Bauiera
1165 638 1176 670 ⁸
1194 638 1224 701 s'
1236 628 1375 703 intende
1392 636 1414 711 il

181 754 331 840 bisogno
346 748 522 839 spirituale
537 753 572 819 di
589 755 668 837 quel
685 766 789 821 stato.
807 752 874 819 Dio
891 754 936 821 N.
955 754 993 821 S.
1011 751 1039 817 si
1055 751 1161 839 degni
1183 754 1377 821 conseruar'
1393 753 1417 819 il

182 870 337 955 principe
357 882 393 937 et
413 870 437 935 il
457 881 560 937 resto.
588 869 655 935 Noi
676 857 858 935 habbiamo
880 880 1074 953 conceputo
1098 870 1229 954 grande
1253 890 1416 954 speranza

180 986 271 1053 delia
287 986 490 1054 reductione
505 985 585 1053 dell'
605 986 810 1071 Alemagna,
829 986 987 1053 vedendo
1008 986 1029 1050 il
1046 1005 1207 1051 successo
1228 986 1263 1049 d'
1287 984 1415 1071 inghil-

183 1113 287 1180 terra;
305 1114 340 1167 et
355 1104 467 1168 anche
483 1102 598 1186 quello
614 1101 825 1168 intendiamo
840 1100 875 1165 di
891 1100 1027 1167 Vienna
1044 1122 1103 1185 per
1118 1100 1239 1166 lettere
1260 1099 1340 1167 delli
1356 1122 1417 1167 no·

182 1216 246 1283 stri
264 1217 399 1297 fratelli,
417 1218 552 1285 benchit
569 1238 636 1282 non
654 1217 734 1284 delli
746 1215 931 1295 sacerdoti,
945 1216 1026 1285 delii
1038 1215 1114 1282 libri
1128 1216 1271 1284 heretici
1284 1215 1417 1303 pigiiati

182 1334 264 1401 delii
282 1346 404 1417 quatro
420 1333 625 1420 predicatori
641 1345 677 1398 et
692 1354 763 1397 vno
778 1334 984 1418 professore,
1003 1330 1079 1398 fatti
1095 1333 1263 1418 pregioni,
1278 1348 1312 1400 et
1329 1334 1417 1401 della

183 1461 303 1535 gente,
322 1451 389 1515 che
404 1470 570 1515 concorre
585 1450 651 1514 alle
667 1449 830 1535 prediehe
847 1459 882 1515 et
903 1448 1112 1515 confessioni
1130 1447 1187 1535 [et]
1206 1449 1414 1515 comunioni.

186 1567 230 1631 Et
248 1576 339 1631 tutto
355 1577 478 1649 questo
495 1566 524 1630 ci
541 1565 585 1629 dd
603 1565 735 1649 grande
750 1566 995 1649 speranza'che
1011 1585 1055 1628 vn
1073 1565 1107 1631 di
1126 1563 1249 1633 debbia
1265 1565 1356 1631 calar
1371 1565 1414 1632 da

184 1681 318 1746 douero
335 1664 424 1747 tutta
439 1691 561 1765 questa
577 1693 666 1746 setta
682 1680 869 1747 maleditta.

248 1796 298 1863 *Di
310 1798 456 1865 Genoua
469 1795 661 1884 [Ginevrail
675 1796 777 1864 etiam
794 1795 1005 1863 intendiamo
1022 1796 1088 1863 che
1101 1807 1212 1877 nutat,
1227 1797 1302 1863 etsi
1317 1820 1417 1882 spera

186 1934 250 1979 sua
272 1911 484 1992 reductione,
502 1924 537 1979 et
552 1914 595 1978 de
616 1912 712 1978 molti
734 1911 927 1998 particolari
949 1914 991 1978 de
1008 1912 1215 1998 Alemagna,
1237 1914 1303 1979 che
1326 1914 1354 1980 si
1371 1914 1418 1979 ri·

186 2029 337 2093 ducono:
356 2026 407 2094 sia
426 2030 510 2115 Jesir
533 2028 598 2093 X.⁰
619 2048 685 2094 con
710 2039 799 2093 tutta
819 2029 851 2093 la
875 2027 1059 2113 prouintia,
1084 2040 1118 2092 et
1140 2028 1168 2092 si
1190 2028 1294 2115 degni
1316 2029 1417 2095 vsarli

191 2145 387 2211 abundante
404 2143 649 2213 misericordia.
717 2182 723 2193 ·

256 2261 343 2328 Delii
365 2261 500 2346 collegii
521 2262 565 2327 de
589 2260 753 2338 Polionia,
777 2262 913 2346 Pragha
938 2273 971 2327 et
989 2260 1227 2327 Transiluania
1253 2282 1319 2327 non
1343 2268 1375 2341 ,ε’
1401 2264 1419 2329 ὲ

187 2377 295 2443 dubio
307 2379 370 2443 che
383 2378 573 2444 sarebbeno
584 2378 628 2442 da
640 2376 836 2454 desiderar',
852 2376 911 2441 ma
921 2398 991 2442 non
1004 2380 1034 2442 c’
1053 2378 1071 2443 ὲ
1089 2388 1182 2442 tanta
1196 2390 1313 2462 gente,
1328 2400 1415 2445 mas·

186 2493 274 2559 sime
290 2495 324 2559 d'
342 2492 488 2579 operari,
508 2515 567 2578 per
585 2505 680 2557 tanto
696 2492 865 2558 stendersi
880 2492 914 2557 d'
933 2494 990 2556 vn'
1009 2502 1124 2557 tratto.
1144 2494 1231 2576 Pur,
1245 2496 1272 2558 s'
1291 2493 1416 2561 instari

186 2610 211 2675 ii
234 2611 333 2676 Rmo.
356 2608 606 2676 archiuescouo
624 2609 748 2674 Maifeo
767 2610 790 2686 ¹,
813 2608 839 2674 si
862 2610 989 2675 aedera
1010 2608 1123 2691 quello
1146 2608 1173 2674 si
1196 2610 1292 2694 potrd
1315 2612 1366 2675 iar
1387 2612 1420 2676 di

185 2746 269 2810 qua;
287 2736 322 2791 et
338 2724 361 2789 ii
374 2738 474 2790 santo
486 2725 561 2789 zelo
576 2725 620 2793 de
633 2726 676 2791 V.
695 2726 750 2803 R,
764 2727 829 2790 che
842 2723 899 2809 gia
916 2725 1033 2791 lauora
1051 2724 1100 2789 fra
1117 2722 1138 2787 ii
1158 2726 1311 2807 tarthari,
1331 2727 1421 2793 forsa

187 2845 264 2908 sara
281 2842 455 2921 essauditp
471 2842 514 2906 da
531 2840 599 2907 Dio
614 2842 659 2907 N.
679 2842 716 2907 S.

255 2961 309 3026 De
325 2962 426 3025 Mtro.
448 2958 577 3048 Erardo
593 2954 606 2986 ⁸
622 2956 650 3022 si
668 2976 832 3042 pensaua,
850 2978 871 3021 o
892 2956 978 3022 altro
995 2954 1104 3023 simile
1121 2958 1207 3023 fatto
1228 2960 1416 3037 sacerdote,

185 3077 253 3141 che
270 3074 378 3160 potria
396 3073 551 3159 predicar
566 3074 602 3137 in
620 3070 787 3151 Polionia,
806 3072 966 3137 andando
982 3074 1119 3157 qualcn'
1138 3074 1224 3139 altro
1240 3074 1273 3139 di
1290 3074 1344 3140 etii
1363 3074 1419 3159 piir

189 3205 336 3268 matura,
355 3190 458 3257 etiam
474 3190 664 3268 sacerdote,
683 3200 717 3253 et
741 3188 939 3255 finalmente
957 3210 1018 3273 per
1040 3188 1071 3255 le
1092 3190 1204 3255 bande
1224 3189 1419 3257 settentrio-

190 3307 257 3371 nali
275 3306 308 3375 di
323 3306 455 3372 Vienna
471 3317 505 3371 et
523 3304 665 3371 Colonia
682 3312 718 3370 et
730 3302 887 3369 Louanio
903 3302 931 3367 si
950 3304 983 3369 fa
1001 3304 1235 3385 fundamento,
1261 3326 1315 3372 ma
1334 3306 1422 3391 prin·

152 3444 155 3449 ·
188 3422 395 3507 eipaimente
410 3420 444 3485 di
468 3420 612 3487 Vienna.
639 3420 727 3509 Bero
744 3429 896 3485 mettano
918 3430 1023 3503 gente
1039 3418 1073 3483 in
1090 3420 1210 3487 ordine
1226 3432 1260 3485 et
1283 3420 1310 3487 si
1333 3422 1421 3487 sior-

190 3538 269 3604 zino
285 3539 328 3602 ad
345 3537 516 3621 acquistar
533 3520 646 3602 alcuni
664 3534 744 3599 boni
762 3534 930 3619 suppositi
944 3556 1005 3619 per
1021 3547 1139 3599 nostro
1155 3534 1323 3603 instituto.

260 3655 361 3719 Circa
373 3652 397 3717 li
411 3671 453 3733 24
470 3650 652 3719 thudeschi
670 3651 788 3715 venuti
804 3648 960 3728 insieme,
979 3671 1061 3735 pare
1077 3652 1155 3731 che,
1175 3654 1319 3720 essendo
1336 3624 1422 3740 ripo-

192 3769 256 3835 sati
274 3781 311 3837 et
328 3767 455 3847 vestiti,
470 3770 587 3833 hanno
601 3765 744 3851 meglior
760 3786 951 3851 apparenaa
967 3768 1030 3831 che
1044 3766 1152 3851 prima
1169 3768 1194 3831 ⁰.
1215 3770 1257 3832 Et
1273 3769 1316 3835 de
1330 3771 1424 3836 molti

189 3884 226 3951 di
243 3886 317 3949 loro
332 3883 360 3950 si
378 3883 470 3951 tiene
482 3884 596 3948 buona
612 3902 788 3967 speranza,
809 3880 941 3948 bench&
959 3903 1109 3948 nessuno
1126 3895 1223 3950 sente
1239 3886 1347 3951 classe
1364 3886 1421 3971 piu

190 4002 261 4068 alta
278 4001 345 4067 che
361 4000 417 4067 del
432 3998 594 4065 rettorico
612 4018 632 4062 o
648 3996 875 4076 summolista,
894 3994 917 4061 ii
940 3997 1040 4081 quale
1057 3998 1160 4084 legge
1181 4000 1212 4064 la
1233 4000 1355 4085 logica.
1378 4004 1421 4068 Et

246 4180 258 4213 ⁶
296 4177 412 4233 Alberti
432 4177 468 4247 V,
487 4175 571 4231 ducis
593 4176 746 4244 Bavariae,
764 4175 957 4231 cancellarius
975 4184 1038 4230 erat
1056 4176 1203 4231 Henricus
1225 4178 1424 4241 Schweicker.

192 4266 336 4321 Videatur
349 4267 531 4337 POLANCUS,
551 4266 676 4328 Ciron„
692 4263 744 4332 IV,
757 4276 820 4331 244.

248 4361 258 4390 ἵ
297 4357 412 4411 Marcus
425 4354 573 4408 Antonius
589 4352 734 4422 maffeius,
749 4353 987 4425 archiepiscopus
1001 4353 1162 4423 theatinus,
1175 4356 1296 4411 nuntius
1313 4368 1426 4429 aposto·
1531 4340 1541 4364 ⁸

193 4447 269 4501 iicus
280 4446 357 4516 apud
372 4442 594 4515 sigismundum
608 4444 646 4513 11,
663 4441 800 4496 Poioniae
812 4458 923 4511 regem.

244 4539 256 4569 '⁴
294 4534 421 4589 Erardus
436 4533 631 4601 Avantianus,
646 4530 818 4599 leodiensis,
828 4531 878 4601 qui
892 4532 948 4585 hoc
961 4548 1049 4601 anno,
1064 4546 1097 4600 24
1113 4533 1252 4603 Augusti,
1267 4535 1427 4592 «Sacerdos

190 4636 383 4679 consecratus
396 4622 480 4678 fuito.
497 4622 680 4690 rotrocus,
697 4620 820 4683 Cicron,
835 4619 886 4689 lV,
902 4621 965 4689 256.

249 4716 262 4748 ⁹
301 4714 345 4769 De
359 4713 404 4768 his
417 4712 480 4782 agit
493 4713 678 4780 POLANCUS,
694 4708 820 4773 Cimon„
835 4710 887 4779 lV,
904 4710 954 4779 237
968 4720 998 4765 et
1010 4710 1072 4770 238,

329 4818 432 4865 Moror«.
449 4816 650 4862 icam-Error.
675 4827 733 4859 rori.
748 4816 785 4860 VI
1270 4824 1297 4867 aa
