<?xml version="1.0" encoding="UTF-8"?>
<!DOCTYPE html PUBLIC "-//W3C//DTD XHTML 1.0 Transitional//EN"
    "http://www.w3.org/TR/xhtml1/DTD/xhtml1-transitional.dtd">
<html xmlns="http://www.w3.org/1999/xhtml" xml:lang="en" lang="en">
 <head>
  <title>
</title>
<meta http-equiv="Content-Type" content="text/html;charset=utf-8" />
  <meta name='ocr-system' content='tesseract 3.04.00' />
  <meta name='ocr-capabilities' content='ocr_page ocr_carea ocr_par ocr_line ocrx_word'/>
</head>
<body>
  <div class='ocr_page' id='page_1' title='image "./monumentaignati01ignagoog_0089.png"; bbox 0 0 3567 5409; ppageno 0'>
   <div class='ocr_carea' id='block_1_1' title="bbox 565 433 1436 506">
    <p class='ocr_par' dir='ltr' id='par_1_1' title="bbox 565 433 1436 506">
     <span class='ocr_line' id='line_1_1' title="bbox 565 433 1436 506; baseline -0.001 -15"><span class='ocrx_word' id='word_1_1' title='bbox 565 434 669 493; x_wconf 77' lang='lat' dir='ltr'><strong>Emer.</strong></span> <span class='ocrx_word' id='word_1_2' title='bbox 690 434 848 506; x_wconf 66' lang='lat' dir='ltr'><strong>aeae-23</strong></span> <span class='ocrx_word' id='word_1_3' title='bbox 867 436 1054 493; x_wconf 73' lang='lat' dir='ltr'><strong>Dromius</strong></span> <span class='ocrx_word' id='word_1_4' title='bbox 1076 433 1145 506; x_wconf 80' lang='lat'><strong>1553</strong></span> <span class='ocrx_word' id='word_1_5' title='bbox 1399 434 1436 490; x_wconf 78' lang='lat'><strong>83</strong></span> 
     </span>
    </p>
   </div>
   <div class='ocr_carea' id='block_1_2' title="bbox 226 586 1490 3569">
    <p class='ocr_par' dir='ltr' id='par_1_2' title="bbox 226 586 1471 1830">
     <span class='ocr_line' id='line_1_2' title="bbox 300 586 1471 675; baseline -0.001 -19"><span class='ocrx_word' id='word_1_6' title='bbox 300 586 339 656; x_wconf 86' lang='lat' dir='ltr'><strong>Si</strong></span> <span class='ocrx_word' id='word_1_7' title='bbox 354 588 400 653; x_wconf 88' lang='lat' dir='ltr'><strong>ha</strong></span> <span class='ocrx_word' id='word_1_8' title='bbox 417 586 508 654; x_wconf 85' lang='lat' dir='ltr'><strong>uisto</strong></span> <span class='ocrx_word' id='word_1_9' title='bbox 523 609 585 675; x_wconf 92' lang='lat' dir='ltr'><strong>per</strong></span> <span class='ocrx_word' id='word_1_10' title='bbox 600 588 717 674; x_wconf 81' lang='lat' dir='ltr'><strong>quella</strong></span> <span class='ocrx_word' id='word_1_11' title='bbox 729 588 843 657; x_wconf 86' lang='lat' dir='ltr'><strong>scriue</strong></span> <span class='ocrx_word' id='word_1_12' title='bbox 858 587 882 653; x_wconf 92' lang='lat' dir='ltr'><strong>il</strong></span> <span class='ocrx_word' id='word_1_13' title='bbox 899 588 1032 656; x_wconf 85' lang='lat' dir='ltr'>fratello</span> <span class='ocrx_word' id='word_1_14' title='bbox 1049 590 1153 655; x_wconf 81' lang='lat' dir='ltr'><strong>Mtte.</strong></span> <span class='ocrx_word' id='word_1_15' title='bbox 1172 587 1321 655; x_wconf 85' lang='lat' dir='ltr'><strong>Michele</strong></span> <span class='ocrx_word' id='word_1_16' title='bbox 1337 589 1350 623; x_wconf 83' lang='lat'>⁸</span> <span class='ocrx_word' id='word_1_17' title='bbox 1366 587 1389 653; x_wconf 82' lang='lat' dir='ltr'><strong>it</strong></span> <span class='ocrx_word' id='word_1_18' title='bbox 1412 589 1471 655; x_wconf 93' lang='lat' dir='ltr'><strong>de·</strong></span> 
     </span>
     <span class='ocr_line' id='line_1_3' title="bbox 226 701 1470 791; baseline 0.004 -24"><span class='ocrx_word' id='word_1_19' title='bbox 226 701 358 771; x_wconf 87' lang='lat' dir='ltr'><strong>siderio</strong></span> <span class='ocrx_word' id='word_1_20' title='bbox 373 703 439 769; x_wconf 90' lang='lat' dir='ltr'><strong>che</strong></span> <span class='ocrx_word' id='word_1_21' title='bbox 455 712 574 771; x_wconf 89' lang='lat' dir='ltr'><strong>nostro</strong></span> <span class='ocrx_word' id='word_1_22' title='bbox 589 704 717 791; x_wconf 86' lang='lat' dir='ltr'><strong>Signor</strong></span> <span class='ocrx_word' id='word_1_23' title='bbox 732 702 781 790; x_wconf 90' lang='lat' dir='ltr'><strong>gli</strong></span> <span class='ocrx_word' id='word_1_24' title='bbox 794 706 840 771; x_wconf 89' lang='lat' dir='ltr'><strong>ha</strong></span> <span class='ocrx_word' id='word_1_25' title='bbox 852 704 936 771; x_wconf 89' lang='lat' dir='ltr'><strong>dato</strong></span> <span class='ocrx_word' id='word_1_26' title='bbox 947 703 992 771; x_wconf 93' lang='lat' dir='ltr'><strong>de</strong></span> <span class='ocrx_word' id='word_1_27' title='bbox 1004 703 1149 771; x_wconf 82' lang='lat' dir='ltr'><strong>seruido</strong></span> <span class='ocrx_word' id='word_1_28' title='bbox 1161 714 1214 769; x_wconf 89' lang='lat' dir='ltr'><strong>tra</strong></span> <span class='ocrx_word' id='word_1_29' title='bbox 1226 703 1368 771; x_wconf 86' lang='lat' dir='ltr'><strong>infideli.</strong></span> <span class='ocrx_word' id='word_1_30' title='bbox 1383 705 1470 772; x_wconf 88' lang='lat' dir='ltr'><strong>Cer-</strong></span> 
     </span>
     <span class='ocr_line' id='line_1_4' title="bbox 227 817 1471 906; baseline 0.002 -23"><span class='ocrx_word' id='word_1_31' title='bbox 227 829 266 883; x_wconf 86' lang='lat' dir='ltr'><strong>to</strong></span> <span class='ocrx_word' id='word_1_32' title='bbox 284 819 451 905; x_wconf 82' lang='lat' dir='ltr'><strong>potrebbe</strong></span> <span class='ocrx_word' id='word_1_33' title='bbox 466 839 562 887; x_wconf 85' lang='lat' dir='ltr'><strong>esser</strong></span> <span class='ocrx_word' id='word_1_34' title='bbox 577 819 642 886; x_wconf 87' lang='lat' dir='ltr'><strong>che</strong></span> <span class='ocrx_word' id='word_1_35' title='bbox 658 819 691 885; x_wconf 91' lang='lat' dir='ltr'><strong>la</strong></span> <span class='ocrx_word' id='word_1_36' title='bbox 707 818 838 887; x_wconf 73' lang='lat' dir='ltr'><strong>maesti</strong></span> <span class='ocrx_word' id='word_1_37' title='bbox 854 840 918 885; x_wconf 89' lang='lat' dir='ltr'><strong>sua</strong></span> <span class='ocrx_word' id='word_1_38' title='bbox 938 817 967 884; x_wconf 91' lang='lat' dir='ltr'><strong>si</strong></span> <span class='ocrx_word' id='word_1_39' title='bbox 992 821 1175 905; x_wconf 81' lang='lat' dir='ltr'><strong>degnasse,</strong></span> <span class='ocrx_word' id='word_1_40' title='bbox 1199 818 1230 887; x_wconf 85' lang='lat' dir='ltr'><strong>si</strong></span> <span class='ocrx_word' id='word_1_41' title='bbox 1246 838 1345 885; x_wconf 89' lang='lat' dir='ltr'><strong>come</strong></span> <span class='ocrx_word' id='word_1_42' title='bbox 1361 818 1410 906; x_wconf 85' lang='lat' dir='ltr'><strong>gli</strong></span> <span class='ocrx_word' id='word_1_43' title='bbox 1426 821 1471 885; x_wconf 88' lang='lat' dir='ltr'><strong>ha</strong></span> 
     </span>
     <span class='ocr_line' id='line_1_5' title="bbox 227 932 1469 1021; baseline 0.002 -22"><span class='ocrx_word' id='word_1_44' title='bbox 227 953 396 1001; x_wconf 86' lang='lat' dir='ltr'><strong>concesso</strong></span> <span class='ocrx_word' id='word_1_45' title='bbox 411 934 465 1001; x_wconf 85' lang='lat' dir='ltr'><strong>eid</strong></span> <span class='ocrx_word' id='word_1_46' title='bbox 480 933 688 1013; x_wconf 83' lang='lat' dir='ltr'><strong>desiderare,</strong></span> <span class='ocrx_word' id='word_1_47' title='bbox 703 934 813 1021; x_wconf 87' lang='lat' dir='ltr'><strong>dargli</strong></span> <span class='ocrx_word' id='word_1_48' title='bbox 829 933 933 1001; x_wconf 86' lang='lat' dir='ltr'><strong>etiam</strong></span> <span class='ocrx_word' id='word_1_49' title='bbox 950 934 1063 1017; x_wconf 76' lang='lat' dir='ltr'><strong>gratia</strong></span> <span class='ocrx_word' id='word_1_50' title='bbox 1075 934 1109 1001; x_wconf 93' lang='lat' dir='ltr'><strong>di</strong></span> <span class='ocrx_word' id='word_1_51' title='bbox 1122 935 1305 1015; x_wconf 85' lang='lat' dir='ltr'><strong>otteuerlo,</strong></span> <span class='ocrx_word' id='word_1_52' title='bbox 1321 932 1469 1021; x_wconf 89' lang='lat' dir='ltr'><strong>impero·</strong></span> 
     </span>
     <span class='ocr_line' id='line_1_6' title="bbox 227 1049 1471 1137; baseline 0.002 -23"><span class='ocrx_word' id='word_1_53' title='bbox 227 1050 298 1115; x_wconf 73' lang='lat' dir='ltr'><strong>che</strong></span> <span class='ocrx_word' id='word_1_54' title='bbox 313 1070 399 1115; x_wconf 90' lang='lat' dir='ltr'><strong>sono</strong></span> <span class='ocrx_word' id='word_1_55' title='bbox 413 1049 563 1117; x_wconf 85' lang='lat' dir='ltr'><strong>arriuate</strong></span> <span class='ocrx_word' id='word_1_56' title='bbox 578 1051 610 1116; x_wconf 89' lang='lat' dir='ltr'><strong>le</strong></span> <span class='ocrx_word' id='word_1_57' title='bbox 625 1071 689 1118; x_wconf 84' lang='lat' dir='ltr'><strong>sue</strong></span> <span class='ocrx_word' id='word_1_58' title='bbox 705 1050 825 1119; x_wconf 86' lang='lat' dir='ltr'><strong>lettere</strong></span> <span class='ocrx_word' id='word_1_59' title='bbox 841 1072 862 1117; x_wconf 86' lang='lat' dir='ltr'><strong>a</strong></span> <span class='ocrx_word' id='word_1_60' title='bbox 878 1063 995 1136; x_wconf 86' lang='lat' dir='ltr'><strong>tempo</strong></span> <span class='ocrx_word' id='word_1_61' title='bbox 1009 1052 1074 1117; x_wconf 92' lang='lat' dir='ltr'><strong>che</strong></span> <span class='ocrx_word' id='word_1_62' title='bbox 1090 1051 1118 1116; x_wconf 88' lang='lat' dir='ltr'><strong>si</strong></span> <span class='ocrx_word' id='word_1_63' title='bbox 1134 1051 1275 1118; x_wconf 82' lang='lat' dir='ltr'><strong>attende</strong></span> <span class='ocrx_word' id='word_1_64' title='bbox 1290 1049 1327 1116; x_wconf 89' lang='lat' dir='ltr'><strong>in</strong></span> <span class='ocrx_word' id='word_1_65' title='bbox 1348 1072 1471 1137; x_wconf 90' lang='lat' dir='ltr'><strong>prepa-</strong></span> 
     </span>
     <span class='ocr_line' id='line_1_7' title="bbox 227 1163 1468 1253; baseline 0 -23"><span class='ocrx_word' id='word_1_66' title='bbox 227 1186 288 1230; x_wconf 88' lang='lat' dir='ltr'><strong>rar</strong></span> <span class='ocrx_word' id='word_1_67' title='bbox 307 1183 345 1232; x_wconf 87' lang='lat'><strong>12</strong></span> <span class='ocrx_word' id='word_1_68' title='bbox 361 1165 450 1234; x_wconf 85' lang='lat' dir='ltr'><strong>della</strong></span> <span class='ocrx_word' id='word_1_69' title='bbox 466 1176 584 1233; x_wconf 85' lang='lat' dir='ltr'><strong>nostra</strong></span> <span class='ocrx_word' id='word_1_70' title='bbox 599 1166 815 1253; x_wconf 86' lang='lat' dir='ltr'><strong>Compagnia</strong></span> <span class='ocrx_word' id='word_1_71' title='bbox 830 1188 892 1252; x_wconf 89' lang='lat' dir='ltr'><strong>per</strong></span> <span class='ocrx_word' id='word_1_72' title='bbox 909 1163 932 1232; x_wconf 91' lang='lat' dir='ltr'><strong>li</strong></span> <span class='ocrx_word' id='word_1_73' title='bbox 949 1166 1049 1253; x_wconf 87' lang='lat' dir='ltr'><strong>regni</strong></span> <span class='ocrx_word' id='word_1_74' title='bbox 1063 1166 1120 1235; x_wconf 91' lang='lat' dir='ltr'><strong>del</strong></span> <span class='ocrx_word' id='word_1_75' title='bbox 1144 1176 1257 1252; x_wconf 84' lang='lat' dir='ltr'><strong>preste</strong></span> <span class='ocrx_word' id='word_1_76' title='bbox 1277 1164 1468 1244; x_wconf 88' lang='lat' dir='ltr'><strong>Giouanni,</strong></span> 
     </span>
     <span class='ocr_line' id='line_1_8' title="bbox 228 1274 1471 1367; baseline 0.001 -23"><span class='ocrx_word' id='word_1_77' title='bbox 228 1289 265 1345; x_wconf 92' lang='lat' dir='ltr'><strong>et</strong></span> <span class='ocrx_word' id='word_1_78' title='bbox 284 1302 332 1347; x_wconf 88' lang='lat' dir='ltr'><strong>un</strong></span> <span class='ocrx_word' id='word_1_79' title='bbox 347 1274 381 1346; x_wconf 91' lang='lat' dir='ltr'><strong>di</strong></span> <span class='ocrx_word' id='word_1_80' title='bbox 398 1280 502 1367; x_wconf 87' lang='lat' dir='ltr'><strong>quelli</strong></span> <span class='ocrx_word' id='word_1_81' title='bbox 519 1283 648 1348; x_wconf 75' lang='lat' dir='ltr'><strong>hauerb</strong></span> <span class='ocrx_word' id='word_1_82' title='bbox 668 1282 703 1347; x_wconf 87' lang='lat' dir='ltr'><strong>d’</strong></span> <span class='ocrx_word' id='word_1_83' title='bbox 726 1304 820 1350; x_wconf 86' lang='lat' dir='ltr'><strong>esser</strong></span> <span class='ocrx_word' id='word_1_84' title='bbox 841 1282 1020 1367; x_wconf 84' lang='lat' dir='ltr'><strong>patriarca.</strong></span> <span class='ocrx_word' id='word_1_85' title='bbox 1046 1282 1221 1351; x_wconf 89' lang='lat' dir='ltr'><strong>Potrebbe</strong></span> <span class='ocrx_word' id='word_1_86' title='bbox 1242 1302 1337 1349; x_wconf 80' lang='lat' dir='ltr'><strong>esser</strong></span> <span class='ocrx_word' id='word_1_87' title='bbox 1359 1283 1426 1348; x_wconf 87' lang='lat' dir='ltr'><strong>che</strong></span> <span class='ocrx_word' id='word_1_88' title='bbox 1447 1279 1471 1347; x_wconf 91' lang='lat' dir='ltr'><strong>il</strong></span> 
     </span>
     <span class='ocr_line' id='line_1_9' title="bbox 229 1395 1468 1483; baseline -0.002 -18"><span class='ocrx_word' id='word_1_89' title='bbox 229 1396 379 1483; x_wconf 87' lang='lat' dir='ltr'><strong>Signore</strong></span> <span class='ocrx_word' id='word_1_90' title='bbox 395 1396 594 1483; x_wconf 85' lang='lat' dir='ltr'><strong>disponesse</strong></span> <span class='ocrx_word' id='word_1_91' title='bbox 609 1399 676 1465; x_wconf 89' lang='lat' dir='ltr'><strong>che</strong></span> <span class='ocrx_word' id='word_1_92' title='bbox 692 1396 740 1463; x_wconf 88' lang='lat' dir='ltr'><strong>lui</strong></span> <span class='ocrx_word' id='word_1_93' title='bbox 756 1396 847 1465; x_wconf 82' lang='lat' dir='ltr'><strong>fosse</strong></span> <span class='ocrx_word' id='word_1_94' title='bbox 864 1397 919 1465; x_wconf 90' lang='lat' dir='ltr'><strong>del</strong></span> <span class='ocrx_word' id='word_1_95' title='bbox 936 1418 1079 1465; x_wconf 86' lang='lat' dir='ltr'><strong>numero</strong></span> <span class='ocrx_word' id='word_1_96' title='bbox 1095 1397 1130 1464; x_wconf 93' lang='lat' dir='ltr'><strong>di</strong></span> <span class='ocrx_word' id='word_1_97' title='bbox 1143 1397 1258 1483; x_wconf 89' lang='lat' dir='ltr'><strong>quelli.</strong></span> <span class='ocrx_word' id='word_1_98' title='bbox 1274 1395 1421 1483; x_wconf 80' lang='lat' dir='ltr'><strong>Degnisi</strong></span> <span class='ocrx_word' id='word_1_99' title='bbox 1435 1397 1468 1463; x_wconf 91' lang='lat' dir='ltr'><strong>la</strong></span> 
     </span>
     <span class='ocr_line' id='line_1_10' title="bbox 229 1511 1471 1599; baseline 0.002 -22"><span class='ocrx_word' id='word_1_100' title='bbox 229 1512 351 1580; x_wconf 86' lang='lat' dir='ltr'><strong>diuina</strong></span> <span class='ocrx_word' id='word_1_101' title='bbox 367 1534 430 1580; x_wconf 89' lang='lat' dir='ltr'><strong>sua</strong></span> <span class='ocrx_word' id='word_1_102' title='bbox 446 1517 577 1581; x_wconf 74' lang='lat' dir='ltr'><strong>maesta</strong></span> <span class='ocrx_word' id='word_1_103' title='bbox 596 1512 632 1579; x_wconf 89' lang='lat' dir='ltr'><strong>in</strong></span> <span class='ocrx_word' id='word_1_104' title='bbox 654 1513 709 1580; x_wconf 81' lang='lat' dir='ltr'><strong>cio</strong></span> <span class='ocrx_word' id='word_1_105' title='bbox 730 1523 766 1581; x_wconf 90' lang='lat' dir='ltr'><strong>et</strong></span> <span class='ocrx_word' id='word_1_106' title='bbox 785 1514 820 1579; x_wconf 90' lang='lat' dir='ltr'><strong>in</strong></span> <span class='ocrx_word' id='word_1_107' title='bbox 842 1524 932 1579; x_wconf 85' lang='lat' dir='ltr'><strong>tutte</strong></span> <span class='ocrx_word' id='word_1_108' title='bbox 953 1514 1039 1583; x_wconf 88' lang='lat' dir='ltr'><strong>altre</strong></span> <span class='ocrx_word' id='word_1_109' title='bbox 1061 1534 1142 1582; x_wconf 85' lang='lat' dir='ltr'><strong>cose</strong></span> <span class='ocrx_word' id='word_1_110' title='bbox 1162 1514 1216 1580; x_wconf 89' lang='lat' dir='ltr'><strong>del</strong></span> <span class='ocrx_word' id='word_1_111' title='bbox 1239 1534 1304 1579; x_wconf 89' lang='lat' dir='ltr'><strong>suo</strong></span> <span class='ocrx_word' id='word_1_112' title='bbox 1318 1511 1471 1599; x_wconf 85' lang='lat' dir='ltr'><strong>seruigio</strong></span> 
     </span>
     <span class='ocr_line' id='line_1_11' title="bbox 227 1627 1471 1715; baseline 0.001 -22"><span class='ocrx_word' id='word_1_113' title='bbox 227 1628 393 1713; x_wconf 85' lang='lat' dir='ltr'><strong>disponer</strong></span> <span class='ocrx_word' id='word_1_114' title='bbox 404 1650 502 1695; x_wconf 90' lang='lat' dir='ltr'><strong>come</strong></span> <span class='ocrx_word' id='word_1_115' title='bbox 513 1628 564 1695; x_wconf 89' lang='lat' dir='ltr'><strong>sia</strong></span> <span class='ocrx_word' id='word_1_116' title='bbox 575 1629 634 1715; x_wconf 76' lang='lat' dir='ltr'><strong>piri</strong></span> <span class='ocrx_word' id='word_1_117' title='bbox 646 1627 784 1711; x_wconf 82' lang='lat' dir='ltr'><strong>seruita3</strong></span> <span class='ocrx_word' id='word_1_118' title='bbox 799 1640 835 1696; x_wconf 89' lang='lat' dir='ltr'><strong>et</strong></span> <span class='ocrx_word' id='word_1_119' title='bbox 847 1628 880 1696; x_wconf 92' lang='lat' dir='ltr'><strong>al</strong></span> <span class='ocrx_word' id='word_1_120' title='bbox 891 1651 956 1696; x_wconf 90' lang='lat' dir='ltr'><strong>suo</strong></span> <span class='ocrx_word' id='word_1_121' title='bbox 969 1640 1083 1715; x_wconf 90' lang='lat' dir='ltr'><strong>tempo</strong></span> <span class='ocrx_word' id='word_1_122' title='bbox 1095 1628 1124 1696; x_wconf 89' lang='lat' dir='ltr'><strong>si</strong></span> <span class='ocrx_word' id='word_1_123' title='bbox 1136 1629 1218 1696; x_wconf 74' lang='lat' dir='ltr'><strong>dara</strong></span> <span class='ocrx_word' id='word_1_124' title='bbox 1230 1628 1329 1695; x_wconf 89' lang='lat' dir='ltr'><strong>auiso</strong></span> <span class='ocrx_word' id='word_1_125' title='bbox 1340 1650 1361 1694; x_wconf 98' lang='lat' dir='ltr'><strong>a</strong></span> <span class='ocrx_word' id='word_1_126' title='bbox 1372 1629 1471 1697; x_wconf 88' lang='lat' dir='ltr'><strong>detto</strong></span> 
     </span>
     <span class='ocr_line' id='line_1_12' title="bbox 230 1743 901 1830; baseline 0 -19"><span class='ocrx_word' id='word_1_127' title='bbox 230 1746 337 1811; x_wconf 88' lang='lat' dir='ltr'><strong>Mtro.</strong></span> <span class='ocrx_word' id='word_1_128' title='bbox 356 1744 503 1812; x_wconf 88' lang='lat' dir='ltr'><strong>Michele</strong></span> <span class='ocrx_word' id='word_1_129' title='bbox 518 1743 554 1809; x_wconf 92' lang='lat' dir='ltr'><strong>di</strong></span> <span class='ocrx_word' id='word_1_130' title='bbox 570 1745 685 1830; x_wconf 89' lang='lat' dir='ltr'><strong>quello</strong></span> <span class='ocrx_word' id='word_1_131' title='bbox 701 1744 729 1811; x_wconf 91' lang='lat' dir='ltr'><strong>si</strong></span> <span class='ocrx_word' id='word_1_132' title='bbox 748 1744 901 1830; x_wconf 74' lang='lat' dir='ltr'><strong>seguird.</strong></span> 
     </span>
    </p>

    <p class='ocr_par' dir='ltr' id='par_1_3' title="bbox 231 1859 1490 2525">
     <span class='ocr_line' id='line_1_13' title="bbox 304 1859 1490 1946; baseline 0 -19"><span class='ocrx_word' id='word_1_133' title='bbox 304 1859 498 1927; x_wconf 89' lang='lat' dir='ltr'><strong>Habbiamo</strong></span> <span class='ocrx_word' id='word_1_134' title='bbox 515 1860 627 1927; x_wconf 89' lang='lat' dir='ltr'><strong>inteso</strong></span> <span class='ocrx_word' id='word_1_135' title='bbox 643 1860 758 1944; x_wconf 90' lang='lat' dir='ltr'><strong>quello</strong></span> <span class='ocrx_word' id='word_1_136' title='bbox 775 1882 836 1946; x_wconf 91' lang='lat' dir='ltr'><strong>per</strong></span> <span class='ocrx_word' id='word_1_137' title='bbox 851 1862 883 1927; x_wconf 89' lang='lat' dir='ltr'><strong>la</strong></span> <span class='ocrx_word' id='word_1_138' title='bbox 900 1882 964 1926; x_wconf 89' lang='lat' dir='ltr'><strong>sua</strong></span> <span class='ocrx_word' id='word_1_139' title='bbox 979 1860 1056 1929; x_wconf 89' lang='lat' dir='ltr'><strong>dice</strong></span> <span class='ocrx_word' id='word_1_140' title='bbox 1072 1862 1117 1929; x_wconf 93' lang='lat' dir='ltr'><strong>V.</strong></span> <span class='ocrx_word' id='word_1_141' title='bbox 1136 1862 1194 1940; x_wconf 90' lang='lat' dir='ltr'><strong>R.‚</strong></span> <span class='ocrx_word' id='word_1_142' title='bbox 1212 1881 1312 1929; x_wconf 89' lang='lat' dir='ltr'><strong>come</strong></span> <span class='ocrx_word' id='word_1_143' title='bbox 1334 1863 1490 1927; x_wconf 82' lang='lat' dir='ltr'><strong>haueue.</strong></span> 
     </span>
     <span class='ocr_line' id='line_1_14' title="bbox 233 1974 1468 2061; baseline 0.002 -20"><span class='ocrx_word' id='word_1_144' title='bbox 233 1976 434 2043; x_wconf 81' lang='lat' dir='ltr'><strong>confessato</strong></span> <span class='ocrx_word' id='word_1_145' title='bbox 460 1974 540 2061; x_wconf 86' lang='lat' dir='ltr'><strong>quel</strong></span> <span class='ocrx_word' id='word_1_146' title='bbox 569 1974 775 2043; x_wconf 81' lang='lat' dir='ltr'><strong>monasterio</strong></span> <span class='ocrx_word' id='word_1_147' title='bbox 797 1978 841 2045; x_wconf 92' lang='lat' dir='ltr'><strong>de</strong></span> <span class='ocrx_word' id='word_1_148' title='bbox 865 1978 1051 2044; x_wconf 89' lang='lat' dir='ltr'><strong>monache.</strong></span> <span class='ocrx_word' id='word_1_149' title='bbox 1074 1978 1118 2043; x_wconf 88' lang='lat' dir='ltr'><strong>Et</strong></span> <span class='ocrx_word' id='word_1_150' title='bbox 1141 1988 1263 2061; x_wconf 87' lang='lat' dir='ltr'><strong>questo</strong></span> <span class='ocrx_word' id='word_1_151' title='bbox 1287 1996 1326 2041; x_wconf 88' lang='lat' dir='ltr'><strong>so</strong></span> <span class='ocrx_word' id='word_1_152' title='bbox 1350 1974 1424 2043; x_wconf 87' lang='lat' dir='ltr'><strong>dire</strong></span> <span class='ocrx_word' id='word_1_153' title='bbox 1447 1996 1468 2043; x_wconf 87' lang='lat' dir='ltr'><strong>a</strong></span> 
     </span>
     <span class='ocr_line' id='line_1_15' title="bbox 232 2090 1470 2178; baseline 0.002 -21"><span class='ocrx_word' id='word_1_154' title='bbox 232 2092 283 2159; x_wconf 90' lang='lat' dir='ltr'><strong>V.</strong></span> <span class='ocrx_word' id='word_1_155' title='bbox 295 2092 352 2171; x_wconf 88' lang='lat' dir='ltr'><strong>R.,</strong></span> <span class='ocrx_word' id='word_1_156' title='bbox 369 2090 436 2159; x_wconf 89' lang='lat' dir='ltr'><strong>che</strong></span> <span class='ocrx_word' id='word_1_157' title='bbox 448 2112 468 2157; x_wconf 90' lang='lat' dir='ltr'><strong>a</strong></span> <span class='ocrx_word' id='word_1_158' title='bbox 481 2091 525 2157; x_wconf 93' lang='lat' dir='ltr'><strong>N.</strong></span> <span class='ocrx_word' id='word_1_159' title='bbox 543 2092 582 2159; x_wconf 89' lang='lat' dir='ltr'><strong>P.</strong></span> <span class='ocrx_word' id='word_1_160' title='bbox 598 2113 667 2158; x_wconf 89' lang='lat' dir='ltr'><strong>non</strong></span> <span class='ocrx_word' id='word_1_161' title='bbox 680 2114 761 2178; x_wconf 86' lang='lat' dir='ltr'><strong>pare</strong></span> <span class='ocrx_word' id='word_1_162' title='bbox 773 2114 793 2159; x_wconf 90' lang='lat' dir='ltr'><strong>a</strong></span> <span class='ocrx_word' id='word_1_163' title='bbox 805 2092 909 2159; x_wconf 91' lang='lat' dir='ltr'><strong>modo</strong></span> <span class='ocrx_word' id='word_1_164' title='bbox 920 2092 1044 2159; x_wconf 89' lang='lat' dir='ltr'><strong>alcuno</strong></span> <span class='ocrx_word' id='word_1_165' title='bbox 1055 2114 1148 2161; x_wconf 81' lang='lat' dir='ltr'><strong>esser</strong></span> <span class='ocrx_word' id='word_1_166' title='bbox 1160 2091 1392 2160; x_wconf 89' lang='lat' dir='ltr'><strong>conueniente</strong></span> <span class='ocrx_word' id='word_1_167' title='bbox 1404 2092 1470 2159; x_wconf 90' lang='lat' dir='ltr'><strong>che</strong></span> 
     </span>
     <span class='ocr_line' id='line_1_16' title="bbox 231 2204 1469 2294; baseline 0.001 -22"><span class='ocrx_word' id='word_1_168' title='bbox 231 2204 341 2293; x_wconf 90' lang='lat' dir='ltr'><strong>quelli</strong></span> <span class='ocrx_word' id='word_1_169' title='bbox 356 2208 445 2273; x_wconf 89' lang='lat' dir='ltr'><strong>della</strong></span> <span class='ocrx_word' id='word_1_170' title='bbox 460 2208 676 2294; x_wconf 83' lang='lat' dir='ltr'><strong>Compagnia</strong></span> <span class='ocrx_word' id='word_1_171' title='bbox 691 2218 808 2274; x_wconf 87' lang='lat' dir='ltr'><strong>nostra</strong></span> <span class='ocrx_word' id='word_1_172' title='bbox 826 2208 999 2275; x_wconf 85' lang='lat' dir='ltr'><strong>habbiano</strong></span> <span class='ocrx_word' id='word_1_173' title='bbox 1022 2206 1112 2274; x_wconf 88' lang='lat' dir='ltr'><strong>simil</strong></span> <span class='ocrx_word' id='word_1_174' title='bbox 1132 2206 1247 2275; x_wconf 86' lang='lat' dir='ltr'><strong>carico</strong></span> <span class='ocrx_word' id='word_1_175' title='bbox 1268 2208 1312 2275; x_wconf 92' lang='lat' dir='ltr'><strong>de</strong></span> <span class='ocrx_word' id='word_1_176' title='bbox 1334 2208 1469 2274; x_wconf 86' lang='lat' dir='ltr'><strong>confes·</strong></span> 
     </span>
     <span class='ocr_line' id='line_1_17' title="bbox 231 2322 1469 2411; baseline 0.002 -23"><span class='ocrx_word' id='word_1_177' title='bbox 231 2344 292 2388; x_wconf 87' lang='lat' dir='ltr'><strong>sar</strong></span> <span class='ocrx_word' id='word_1_178' title='bbox 309 2324 490 2405; x_wconf 85' lang='lat' dir='ltr'><strong>monache,</strong></span> <span class='ocrx_word' id='word_1_179' title='bbox 508 2335 544 2389; x_wconf 88' lang='lat' dir='ltr'><strong>et</strong></span> <span class='ocrx_word' id='word_1_180' title='bbox 559 2322 593 2389; x_wconf 88' lang='lat' dir='ltr'><strong>di</strong></span> <span class='ocrx_word' id='word_1_181' title='bbox 610 2334 733 2409; x_wconf 87' lang='lat' dir='ltr'><strong>questo</strong></span> <span class='ocrx_word' id='word_1_182' title='bbox 749 2324 781 2391; x_wconf 87' lang='lat' dir='ltr'><strong>la</strong></span> <span class='ocrx_word' id='word_1_183' title='bbox 797 2324 981 2392; x_wconf 87' lang='lat' dir='ltr'><strong>settimana</strong></span> <span class='ocrx_word' id='word_1_184' title='bbox 996 2326 1063 2392; x_wconf 91' lang='lat' dir='ltr'><strong>che</strong></span> <span class='ocrx_word' id='word_1_185' title='bbox 1078 2323 1180 2391; x_wconf 90' lang='lat' dir='ltr'><strong>uiene</strong></span> <span class='ocrx_word' id='word_1_186' title='bbox 1195 2344 1234 2390; x_wconf 86' lang='lat' dir='ltr'><strong>se</strong></span> <span class='ocrx_word' id='word_1_187' title='bbox 1249 2324 1298 2411; x_wconf 83' lang='lat' dir='ltr'><strong>gli</strong></span> <span class='ocrx_word' id='word_1_188' title='bbox 1313 2324 1398 2391; x_wconf 77' lang='lat' dir='ltr'><strong>dara</strong></span> <span class='ocrx_word' id='word_1_189' title='bbox 1411 2323 1469 2409; x_wconf 77' lang='lat' dir='ltr'><strong>pib</strong></span> 
     </span>
     <span class='ocr_line' id='line_1_18' title="bbox 232 2430 1045 2525; baseline 0.004 -20"><span class='ocrx_word' id='word_1_190' title='bbox 232 2438 430 2525; x_wconf 87' lang='lat' dir='ltr'><strong>particolar&#39;</strong></span> <span class='ocrx_word' id='word_1_191' title='bbox 448 2440 558 2507; x_wconf 84' lang='lat' dir='ltr'><strong>auiso.</strong></span> <span class='ocrx_word' id='word_1_192' title='bbox 1037 2430 1045 2449; x_wconf 71' lang='lat'>⁸</span> 
     </span>
    </p>

    <p class='ocr_par' dir='ltr' id='par_1_4' title="bbox 228 2556 1470 2991">
     <span class='ocr_line' id='line_1_19' title="bbox 302 2556 1470 2627; baseline -0.001 -4"><span class='ocrx_word' id='word_1_193' title='bbox 302 2556 498 2623; x_wconf 87' lang='lat' dir='ltr'><strong>Mandiamo</strong></span> <span class='ocrx_word' id='word_1_194' title='bbox 522 2578 541 2623; x_wconf 85' lang='lat' dir='ltr'><strong>a</strong></span> <span class='ocrx_word' id='word_1_195' title='bbox 565 2558 609 2623; x_wconf 91' lang='lat' dir='ltr'><strong>V.</strong></span> <span class='ocrx_word' id='word_1_196' title='bbox 637 2559 678 2625; x_wconf 90' lang='lat' dir='ltr'><strong>R.</strong></span> <span class='ocrx_word' id='word_1_197' title='bbox 708 2558 831 2626; x_wconf 85' lang='lat' dir='ltr'><strong>alcone</strong></span> <span class='ocrx_word' id='word_1_198' title='bbox 859 2578 975 2625; x_wconf 90' lang='lat' dir='ltr'><strong>nuoue</strong></span> <span class='ocrx_word' id='word_1_199' title='bbox 1001 2558 1082 2627; x_wconf 87' lang='lat' dir='ltr'><strong>dell&#39;</strong></span> <span class='ocrx_word' id='word_1_200' title='bbox 1113 2556 1207 2623; x_wconf 87' lang='lat' dir='ltr'><strong>India</strong></span> <span class='ocrx_word' id='word_1_201' title='bbox 1235 2556 1470 2623; x_wconf 81' lang='lat' dir='ltr'><strong>uttimamente</strong></span> 
     </span>
     <span class='ocr_line' id='line_1_20' title="bbox 228 2672 1468 2757; baseline 0.002 -20"><span class='ocrx_word' id='word_1_202' title='bbox 228 2682 420 2757; x_wconf 82' lang='lat' dir='ltr'><strong>stampate3</strong></span> <span class='ocrx_word' id='word_1_203' title='bbox 443 2682 535 2741; x_wconf 81' lang='lat' dir='ltr'><strong>etse</strong></span> <span class='ocrx_word' id='word_1_204' title='bbox 556 2672 680 2740; x_wconf 83' lang='lat' dir='ltr'><strong>alcuno</strong></span> <span class='ocrx_word' id='word_1_205' title='bbox 701 2674 735 2740; x_wconf 92' lang='lat' dir='ltr'><strong>di</strong></span> <span class='ocrx_word' id='word_1_206' title='bbox 758 2676 846 2741; x_wconf 84' lang='lat' dir='ltr'><strong>costi</strong></span> <span class='ocrx_word' id='word_1_207' title='bbox 869 2694 914 2739; x_wconf 88' lang='lat' dir='ltr'><strong>ne</strong></span> <span class='ocrx_word' id='word_1_208' title='bbox 940 2672 1074 2741; x_wconf 77' lang='lat' dir='ltr'><strong>uolesse</strong></span> <span class='ocrx_word' id='word_1_209' title='bbox 1099 2672 1247 2757; x_wconf 86' lang='lat' dir='ltr'><strong>qualche</strong></span> <span class='ocrx_word' id='word_1_210' title='bbox 1267 2694 1412 2741; x_wconf 90' lang='lat' dir='ltr'><strong>numero</strong></span> <span class='ocrx_word' id='word_1_211' title='bbox 1433 2672 1468 2739; x_wconf 86' lang='lat' dir='ltr'><strong>di</strong></span> 
     </span>
     <span class='ocr_line' id='line_1_21' title="bbox 229 2786 1469 2874; baseline 0.002 -22"><span class='ocrx_word' id='word_1_212' title='bbox 229 2788 359 2871; x_wconf 82' lang='lat' dir='ltr'><strong>quelle,</strong></span> <span class='ocrx_word' id='word_1_213' title='bbox 378 2787 476 2873; x_wconf 71' lang='lat' dir='ltr'><strong>potii</strong></span> <span class='ocrx_word' id='word_1_214' title='bbox 492 2786 629 2869; x_wconf 80' lang='lat' dir='ltr'><strong>auisar&#39;‚</strong></span> <span class='ocrx_word' id='word_1_215' title='bbox 650 2788 773 2874; x_wconf 72' lang='lat' dir='ltr'><strong>perche</strong></span> <span class='ocrx_word' id='word_1_216' title='bbox 788 2812 836 2856; x_wconf 88' lang='lat' dir='ltr'><strong>un</strong></span> <span class='ocrx_word' id='word_1_217' title='bbox 853 2788 967 2856; x_wconf 88' lang='lat' dir='ltr'><strong>amico</strong></span> <span class='ocrx_word' id='word_1_218' title='bbox 984 2799 1114 2868; x_wconf 88' lang='lat' dir='ltr'><strong>nostro,</strong></span> <span class='ocrx_word' id='word_1_219' title='bbox 1133 2788 1155 2853; x_wconf 87' lang='lat' dir='ltr'><strong>il</strong></span> <span class='ocrx_word' id='word_1_220' title='bbox 1169 2788 1269 2873; x_wconf 87' lang='lat' dir='ltr'><strong>quale</strong></span> <span class='ocrx_word' id='word_1_221' title='bbox 1281 2788 1314 2854; x_wconf 91' lang='lat' dir='ltr'><strong>le</strong></span> <span class='ocrx_word' id='word_1_222' title='bbox 1325 2790 1371 2855; x_wconf 94' lang='lat' dir='ltr'><strong>ha</strong></span> <span class='ocrx_word' id='word_1_223' title='bbox 1383 2788 1469 2854; x_wconf 83' lang='lat' dir='ltr'><strong>fatto</strong></span> 
     </span>
     <span class='ocr_line' id='line_1_22' title="bbox 230 2904 872 2991; baseline 0.006 -22"><span class='ocrx_word' id='word_1_224' title='bbox 230 2912 421 2989; x_wconf 83' lang='lat' dir='ltr'><strong>stampare,</strong></span> <span class='ocrx_word' id='word_1_225' title='bbox 436 2904 540 2991; x_wconf 83' lang='lat' dir='ltr'><strong>gliele</strong></span> <span class='ocrx_word' id='word_1_226' title='bbox 556 2907 654 2990; x_wconf 78' lang='lat' dir='ltr'><strong>potra</strong></span> <span class='ocrx_word' id='word_1_227' title='bbox 670 2906 872 2991; x_wconf 78' lang='lat' dir='ltr'><strong>proaedere.</strong></span> 
     </span>
    </p>

    <p class='ocr_par' dir='ltr' id='par_1_5' title="bbox 227 3019 1470 3341">
     <span class='ocr_line' id='line_1_23' title="bbox 302 3019 1470 3100; baseline 0.003 -16"><span class='ocrx_word' id='word_1_228' title='bbox 302 3020 346 3085; x_wconf 88' lang='lat' dir='ltr'><strong>Et</strong></span> <span class='ocrx_word' id='word_1_229' title='bbox 369 3040 437 3085; x_wconf 88' lang='lat' dir='ltr'><strong>non</strong></span> <span class='ocrx_word' id='word_1_230' title='bbox 462 3021 561 3100; x_wconf 86' lang='lat' dir='ltr'><strong>altro,</strong></span> <span class='ocrx_word' id='word_1_231' title='bbox 587 3042 625 3088; x_wconf 87' lang='lat' dir='ltr'><strong>se</strong></span> <span class='ocrx_word' id='word_1_232' title='bbox 648 3044 717 3089; x_wconf 88' lang='lat' dir='ltr'><strong>non</strong></span> <span class='ocrx_word' id='word_1_233' title='bbox 742 3022 848 3088; x_wconf 90' lang='lat' dir='ltr'><strong>molto</strong></span> <span class='ocrx_word' id='word_1_234' title='bbox 871 3022 1150 3089; x_wconf 84' lang='lat' dir='ltr'><strong>raeeomandarci</strong></span> <span class='ocrx_word' id='word_1_235' title='bbox 1177 3021 1232 3087; x_wconf 80' lang='lat' dir='ltr'><strong>all&#39;</strong></span> <span class='ocrx_word' id='word_1_236' title='bbox 1258 3019 1404 3088; x_wconf 84' lang='lat' dir='ltr'><strong>orationi</strong></span> <span class='ocrx_word' id='word_1_237' title='bbox 1432 3020 1470 3087; x_wconf 91' lang='lat' dir='ltr'><strong>di</strong></span> 
     </span>
     <span class='ocr_line' id='line_1_24' title="bbox 228 3134 1468 3223; baseline 0.001 -23"><span class='ocrx_word' id='word_1_238' title='bbox 228 3135 277 3200; x_wconf 90' lang='lat' dir='ltr'><strong>V.</strong></span> <span class='ocrx_word' id='word_1_239' title='bbox 298 3136 355 3214; x_wconf 89' lang='lat' dir='ltr'><strong>R.,</strong></span> <span class='ocrx_word' id='word_1_240' title='bbox 374 3146 408 3204; x_wconf 89' lang='lat' dir='ltr'><strong>et</strong></span> <span class='ocrx_word' id='word_1_241' title='bbox 424 3156 549 3223; x_wconf 87' lang='lat' dir='ltr'><strong>pregar</strong></span> <span class='ocrx_word' id='word_1_242' title='bbox 564 3134 587 3200; x_wconf 91' lang='lat' dir='ltr'><strong>il</strong></span> <span class='ocrx_word' id='word_1_243' title='bbox 604 3136 754 3223; x_wconf 85' lang='lat' dir='ltr'><strong>Signore</strong></span> <span class='ocrx_word' id='word_1_244' title='bbox 769 3136 798 3203; x_wconf 89' lang='lat' dir='ltr'><strong>si</strong></span> <span class='ocrx_word' id='word_1_245' title='bbox 815 3136 921 3223; x_wconf 87' lang='lat' dir='ltr'><strong>degni</strong></span> <span class='ocrx_word' id='word_1_246' title='bbox 937 3135 1009 3204; x_wconf 85' lang='lat' dir='ltr'><strong>dar’</strong></span> <span class='ocrx_word' id='word_1_247' title='bbox 1026 3158 1045 3203; x_wconf 90' lang='lat' dir='ltr'><strong>a</strong></span> <span class='ocrx_word' id='word_1_248' title='bbox 1062 3136 1143 3202; x_wconf 89' lang='lat' dir='ltr'><strong>tutti</strong></span> <span class='ocrx_word' id='word_1_249' title='bbox 1159 3138 1274 3203; x_wconf 86' lang='lat' dir='ltr'><strong>buone</strong></span> <span class='ocrx_word' id='word_1_250' title='bbox 1290 3156 1420 3221; x_wconf 85' lang='lat' dir='ltr'><strong>pasque</strong></span> <span class='ocrx_word' id='word_1_251' title='bbox 1432 3146 1468 3204; x_wconf 87' lang='lat' dir='ltr'><strong>et</strong></span> 
     </span>
     <span class='ocr_line' id='line_1_25' title="bbox 227 3249 1245 3341; baseline 0.007 -26"><span class='ocrx_word' id='word_1_252' title='bbox 227 3251 264 3317; x_wconf 88' lang='lat' dir='ltr'><strong>la</strong></span> <span class='ocrx_word' id='word_1_253' title='bbox 284 3249 479 3318; x_wconf 88' lang='lat' dir='ltr'><strong>rinouation</strong></span> <span class='ocrx_word' id='word_1_254' title='bbox 494 3250 687 3339; x_wconf 78' lang='lat' dir='ltr'><strong>del¹spirito</strong></span> <span class='ocrx_word' id='word_1_255' title='bbox 703 3252 737 3318; x_wconf 90' lang='lat' dir='ltr'><strong>in</strong></span> <span class='ocrx_word' id='word_1_256' title='bbox 751 3265 873 3341; x_wconf 83' lang='lat' dir='ltr'><strong>questa</strong></span> <span class='ocrx_word' id='word_1_257' title='bbox 890 3274 953 3321; x_wconf 87' lang='lat' dir='ltr'><strong>sua</strong></span> <span class='ocrx_word' id='word_1_258' title='bbox 970 3264 1068 3320; x_wconf 88' lang='lat' dir='ltr'><strong>santa</strong></span> <span class='ocrx_word' id='word_1_259' title='bbox 1086 3252 1245 3322; x_wconf 74' lang='lat' dir='ltr'><strong>natiuitd.</strong></span> 
     </span>
    </p>

    <p class='ocr_par' dir='ltr' id='par_1_6' title="bbox 300 3366 907 3453">
     <span class='ocr_line' id='line_1_26' title="bbox 300 3366 907 3453; baseline 0.005 -21"><span class='ocrx_word' id='word_1_260' title='bbox 300 3366 347 3432; x_wconf 95' lang='lat' dir='ltr'><strong>Di</strong></span> <span class='ocrx_word' id='word_1_261' title='bbox 364 3368 472 3433; x_wconf 88' lang='lat' dir='ltr'><strong>Roma</strong></span> <span class='ocrx_word' id='word_1_262' title='bbox 488 3385 530 3451; x_wconf 84' lang='lat'><strong>23</strong></span> <span class='ocrx_word' id='word_1_263' title='bbox 547 3366 582 3434; x_wconf 92' lang='lat' dir='ltr'><strong>di</strong></span> <span class='ocrx_word' id='word_1_264' title='bbox 597 3367 789 3437; x_wconf 85' lang='lat' dir='ltr'><strong>Decembre</strong></span> <span class='ocrx_word' id='word_1_265' title='bbox 810 3378 907 3453; x_wconf 80' lang='lat'><strong>1553.</strong></span> 
     </span>
    </p>

    <p class='ocr_par' dir='ltr' id='par_1_7' title="bbox 299 3483 1049 3569">
     <span class='ocr_line' id='line_1_27' title="bbox 299 3483 1049 3569; baseline 0 -20"><span class='ocrx_word' id='word_1_266' title='bbox 299 3484 498 3569; x_wconf 74' lang='lat' dir='ltr'><strong>Imcriptio.</strong></span> <span class='ocrx_word' id='word_1_267' title='bbox 519 3483 681 3569; x_wconf 84' lang='lat' dir='ltr'><strong>Perugia,</strong></span> <span class='ocrx_word' id='word_1_268' title='bbox 701 3506 720 3550; x_wconf 87' lang='lat' dir='ltr'><strong>a</strong></span> <span class='ocrx_word' id='word_1_269' title='bbox 738 3486 839 3551; x_wconf 89' lang='lat' dir='ltr'><strong>Mtro.</strong></span> <span class='ocrx_word' id='word_1_270' title='bbox 859 3486 1049 3553; x_wconf 88' lang='lat' dir='ltr'><strong>Euerardo.</strong></span> 
     </span>
    </p>
   </div>
   <div class='ocr_carea' id='block_1_3' title="bbox 504 3664 1199 3857">
    <p class='ocr_par' dir='ltr' id='par_1_8' title="bbox 504 3664 1199 3857">
     <span class='ocr_line' id='line_1_28' title="bbox 504 3664 1199 3857; baseline 0.006 -5"><span class='ocrx_word' id='word_1_271' title='bbox 504 3786 644 3854; x_wconf 83' lang='lat' dir='ltr'><strong>PATRI</strong></span> <span class='ocrx_word' id='word_1_272' title='bbox 669 3664 916 3855; x_wconf 65' lang='lat' dir='ltr'><strong>LUDOdddd</strong></span> <span class='ocrx_word' id='word_1_273' title='bbox 938 3788 1199 3857; x_wconf 87' lang='lat' dir='ltr'><strong>COUDRETO</strong></span> 
     </span>
    </p>
   </div>
   <div class='ocr_carea' id='block_1_4' title="bbox 627 3900 1073 3972">
    <p class='ocr_par' dir='ltr' id='par_1_9' title="bbox 627 3900 1073 3972">
     <span class='ocr_line' id='line_1_29' title="bbox 627 3900 1073 3972; baseline 0.013 -17"><span class='ocrx_word' id='word_1_274' title='bbox 627 3914 715 3958; x_wconf 75' lang='lat' dir='ltr'><strong>eorm</strong></span> <span class='ocrx_word' id='word_1_275' title='bbox 729 3900 765 3958; x_wconf 78' lang='lat'><strong>23</strong></span> <span class='ocrx_word' id='word_1_276' title='bbox 779 3909 960 3959; x_wconf 74' lang='lat' dir='ltr'><strong>oeceueers</strong></span> <span class='ocrx_word' id='word_1_277' title='bbox 973 3902 1042 3972; x_wconf 83' lang='lat'>¹553</span> <span class='ocrx_word' id='word_1_278' title='bbox 1054 3908 1073 3961; x_wconf 88' lang='lat'><strong>¹.</strong></span> 
     </span>
    </p>
   </div>
   <div class='ocr_carea' id='block_1_5' title="bbox 226 4036 1470 4199">
    <p class='ocr_par' dir='ltr' id='par_1_10' title="bbox 226 4036 1470 4199">
     <span class='ocr_line' id='line_1_30' title="bbox 226 4036 1470 4111; baseline -0.001 -16"><span class='ocrx_word' id='word_1_279' title='bbox 226 4039 275 4095; x_wconf 75' lang='lat' dir='ltr'><strong>De</strong></span> <span class='ocrx_word' id='word_1_280' title='bbox 288 4038 476 4092; x_wconf 77' lang='lat' dir='ltr'><strong>asservando</strong></span> <span class='ocrx_word' id='word_1_281' title='bbox 490 4037 524 4091; x_wconf 81' lang='lat' dir='ltr'><strong>in</strong></span> <span class='ocrx_word' id='word_1_282' title='bbox 538 4037 649 4108; x_wconf 74' lang='lat' dir='ltr'><strong>templo</strong></span> <span class='ocrx_word' id='word_1_283' title='bbox 661 4042 764 4091; x_wconf 84' lang='lat' dir='ltr'><strong>nostro</strong></span> <span class='ocrx_word' id='word_1_284' title='bbox 776 4036 884 4093; x_wconf 82' lang='lat' dir='ltr'><strong>divina</strong></span> <span class='ocrx_word' id='word_1_285' title='bbox 898 4038 1179 4094; x_wconf 68' lang='lat' dir='ltr'><strong>eucharistie-De</strong></span> <span class='ocrx_word' id='word_1_286' title='bbox 1191 4044 1337 4111; x_wconf 73' lang='lat' dir='ltr'><strong>potestate</strong></span> <span class='ocrx_word' id='word_1_287' title='bbox 1350 4040 1470 4111; x_wconf 74' lang='lat' dir='ltr'><strong>dispan-</strong></span> 
     </span>
     <span class='ocr_line' id='line_1_31' title="bbox 483 4126 1219 4199; baseline 0.007 -19"><span class='ocrx_word' id='word_1_288' title='bbox 483 4126 575 4181; x_wconf 75' lang='lat' dir='ltr'><strong>sandi</strong></span> <span class='ocrx_word' id='word_1_289' title='bbox 587 4127 625 4180; x_wconf 81' lang='lat' dir='ltr'><strong>ab</strong></span> <span class='ocrx_word' id='word_1_290' title='bbox 639 4127 1061 4199; x_wconf 71' lang='lat' dir='ltr'><strong>irregularitate-Litterae</strong></span> <span class='ocrx_word' id='word_1_291' title='bbox 1071 4144 1107 4182; x_wconf 78' lang='lat' dir='ltr'><strong>ex</strong></span> <span class='ocrx_word' id='word_1_292' title='bbox 1117 4127 1219 4185; x_wconf 82' lang='lat' dir='ltr'><strong>India.</strong></span> 
     </span>
    </p>
   </div>
   <div class='ocr_carea' id='block_1_6' title="bbox 299 4260 1468 4349">
    <p class='ocr_par' dir='ltr' id='par_1_11' title="bbox 299 4260 1468 4349">
     <span class='ocr_line' id='line_1_32' title="bbox 299 4260 1468 4349; baseline 0.003 -22"><span class='ocrx_word' id='word_1_293' title='bbox 299 4260 456 4328; x_wconf 87' lang='lat' dir='ltr'><strong>Firenza.</strong></span> <span class='ocrx_word' id='word_1_294' title='bbox 477 4262 508 4328; x_wconf 85' lang='lat' dir='ltr'><strong>A</strong></span> <span class='ocrx_word' id='word_1_295' title='bbox 526 4264 628 4330; x_wconf 90' lang='lat' dir='ltr'><strong>Mtro.</strong></span> <span class='ocrx_word' id='word_1_296' title='bbox 647 4262 1017 4329; x_wconf 88' lang='lat' dir='ltr'><strong>Ludouico.-Primo.</strong></span> <span class='ocrx_word' id='word_1_297' title='bbox 1037 4264 1146 4349; x_wconf 87' lang='lat' dir='ltr'><strong>Sopra</strong></span> <span class='ocrx_word' id='word_1_298' title='bbox 1169 4263 1204 4330; x_wconf 89' lang='lat' dir='ltr'><strong>di</strong></span> <span class='ocrx_word' id='word_1_299' title='bbox 1227 4278 1344 4331; x_wconf 88' lang='lat' dir='ltr'><strong>tenere</strong></span> <span class='ocrx_word' id='word_1_300' title='bbox 1366 4264 1391 4330; x_wconf 91' lang='lat' dir='ltr'><strong>il</strong></span> <span class='ocrx_word' id='word_1_301' title='bbox 1415 4276 1468 4331; x_wconf 82' lang='lat' dir='ltr'><strong>ta·</strong></span> 
     </span>
    </p>
   </div>
   <div class='ocr_carea' id='block_1_7' title="bbox 284 4422 1508 4495">
    <p class='ocr_par' dir='ltr' id='par_1_12' title="bbox 284 4422 1508 4495">
     <span class='ocr_line' id='line_1_33' title="bbox 284 4422 1508 4495; baseline 0.002 -17"><span class='ocrx_word' id='word_1_302' title='bbox 284 4422 296 4454; x_wconf 81' lang='lat'>⁸</span> <span class='ocrx_word' id='word_1_303' title='bbox 334 4422 458 4478; x_wconf 71' lang='lat' dir='ltr'><strong>Michael</strong></span> <span class='ocrx_word' id='word_1_304' title='bbox 472 4424 572 4491; x_wconf 80' lang='lat' dir='ltr'><strong>Barul,</strong></span> <span class='ocrx_word' id='word_1_305' title='bbox 584 4422 635 4495; x_wconf 87' lang='lat' dir='ltr'><strong>qui</strong></span> <span class='ocrx_word' id='word_1_306' title='bbox 650 4440 754 4495; x_wconf 79' lang='lat' dir='ltr'><strong>reapse</strong></span> <span class='ocrx_word' id='word_1_307' title='bbox 768 4424 798 4479; x_wconf 88' lang='lat' dir='ltr'><strong>in</strong></span> <span class='ocrx_word' id='word_1_308' title='bbox 813 4423 1002 4495; x_wconf 81' lang='lat' dir='ltr'><strong>Aethiopiam</strong></span> <span class='ocrx_word' id='word_1_309' title='bbox 1015 4440 1070 4479; x_wconf 82' lang='lat' dir='ltr'><strong>suo</strong></span> <span class='ocrx_word' id='word_1_310' title='bbox 1083 4432 1215 4494; x_wconf 87' lang='lat' dir='ltr'><strong>tempore</strong></span> <span class='ocrx_word' id='word_1_311' title='bbox 1230 4425 1338 4480; x_wconf 84' lang='lat' dir='ltr'><strong>missus</strong></span> <span class='ocrx_word' id='word_1_312' title='bbox 1351 4434 1409 4481; x_wconf 81' lang='lat' dir='ltr'><strong>est.</strong></span> <span class='ocrx_word' id='word_1_313' title='bbox 1504 4438 1508 4446; x_wconf 83' lang='lat'>&#39;</span> 
     </span>
    </p>
   </div>
   <div class='ocr_carea' id='block_1_8' title="bbox 230 4564 1468 4728">
    <p class='ocr_par' dir='ltr' id='par_1_13' title="bbox 230 4564 1468 4728">
     <span class='ocr_line' id='line_1_34' title="bbox 287 4564 1468 4640; baseline 0.001 -20"><span class='ocrx_word' id='word_1_314' title='bbox 287 4570 294 4601; x_wconf 81' lang='lat'><strong>¹</strong></span> <span class='ocrx_word' id='word_1_315' title='bbox 334 4568 378 4620; x_wconf 84' lang='lat' dir='ltr'><strong>Ex</strong></span> <span class='ocrx_word' id='word_1_316' title='bbox 388 4566 494 4621; x_wconf 83' lang='lat' dir='ltr'><strong>codice</strong></span> <span class='ocrx_word' id='word_1_317' title='bbox 508 4568 628 4640; x_wconf 80' lang='lat' dir='ltr'><strong>Regest.</strong></span> <span class='ocrx_word' id='word_1_318' title='bbox 643 4566 687 4634; x_wconf 83' lang='lat'><strong>11,</strong></span> <span class='ocrx_word' id='word_1_319' title='bbox 706 4565 756 4621; x_wconf 79' lang='lat' dir='ltr'><strong>fol.</strong></span> <span class='ocrx_word' id='word_1_320' title='bbox 772 4580 837 4634; x_wconf 79' lang='lat' dir='ltr'><strong>zov,</strong></span> <span class='ocrx_word' id='word_1_321' title='bbox 859 4584 937 4625; x_wconf 73' lang='lat' dir='ltr'><strong>vers.</strong></span> <span class='ocrx_word' id='word_1_322' title='bbox 953 4564 1035 4621; x_wconf 74' lang='lat'>30-33</span> <span class='ocrx_word' id='word_1_323' title='bbox 1053 4568 1192 4639; x_wconf 86' lang='lat' dir='ltr'><strong>(ultimo),</strong></span> <span class='ocrx_word' id='word_1_324' title='bbox 1209 4577 1276 4639; x_wconf 85' lang='lat' dir='ltr'><strong>post</strong></span> <span class='ocrx_word' id='word_1_325' title='bbox 1293 4569 1393 4639; x_wconf 88' lang='lat' dir='ltr'><strong>plures</strong></span> <span class='ocrx_word' id='word_1_326' title='bbox 1407 4566 1468 4639; x_wconf 87' lang='lat' dir='ltr'><strong>epi·</strong></span> 
     </span>
     <span class='ocr_line' id='line_1_35' title="bbox 230 4653 1466 4728; baseline 0.001 -16"><span class='ocrx_word' id='word_1_327' title='bbox 230 4656 323 4712; x_wconf 80' lang='lat' dir='ltr'><strong>stolas</strong></span> <span class='ocrx_word' id='word_1_328' title='bbox 336 4656 374 4711; x_wconf 82' lang='lat' dir='ltr'><strong>ab</strong></span> <span class='ocrx_word' id='word_1_329' title='bbox 387 4654 492 4711; x_wconf 85' lang='lat' dir='ltr'><strong>eodem</strong></span> <span class='ocrx_word' id='word_1_330' title='bbox 506 4656 625 4712; x_wconf 82' lang='lat' dir='ltr'><strong>librario</strong></span> <span class='ocrx_word' id='word_1_331' title='bbox 638 4654 773 4719; x_wconf 83' lang='lat' dir='ltr'><strong>scriptas,</strong></span> <span class='ocrx_word' id='word_1_332' title='bbox 788 4672 864 4722; x_wconf 84' lang='lat' dir='ltr'><strong>quae</strong></span> <span class='ocrx_word' id='word_1_333' title='bbox 877 4655 956 4711; x_wconf 88' lang='lat' dir='ltr'><strong>diem</strong></span> <span class='ocrx_word' id='word_1_334' title='bbox 976 4653 1010 4710; x_wconf 85' lang='lat'><strong>23</strong></span> <span class='ocrx_word' id='word_1_335' title='bbox 1024 4656 1200 4711; x_wconf 83' lang='lat' dir='ltr'><strong>Decembris</strong></span> <span class='ocrx_word' id='word_1_336' title='bbox 1219 4674 1289 4728; x_wconf 85' lang='lat' dir='ltr'><strong>prae</strong></span> <span class='ocrx_word' id='word_1_337' title='bbox 1306 4675 1339 4712; x_wconf 89' lang='lat' dir='ltr'><strong>se</strong></span> <span class='ocrx_word' id='word_1_338' title='bbox 1357 4656 1466 4713; x_wconf 83' lang='lat' dir='ltr'><strong>ferunt.</strong></span> 
     </span>
    </p>
   </div>
   <div class='ocr_carea' id='block_1_9' title="bbox 0 0 1789 5409">
    <p class='ocr_par' dir='ltr' id='par_1_14' title="bbox 0 0 1789 5409">
     <span class='ocr_line' id='line_1_36' title="bbox 0 0 1789 5409; baseline 0 0"><span class='ocrx_word' id='word_1_339' title='bbox 0 0 1789 5409; x_wconf 95' lang='lat' dir='ltr'><strong> </strong></span> 
     </span>
    </p>
   </div>
  </div>
 </body>
</html>
