3567 5409
383 461 418 517 50
757 447 965 503 Mououarrra
988 446 1168 503 laninam

344 600 402 666 all'
419 598 610 668 intentione
625 599 669 665 de
685 600 729 665 V.
743 599 831 668 Sria.
851 599 957 667 lllma.
975 600 1020 668 de
1034 599 1168 669 ridurre
1184 601 1396 669 Ottauiano⁸
1415 600 1449 668 in
1462 604 1575 691 Napo-

344 716 379 793 li,
399 716 531 785 benene
549 716 616 783 alla
633 736 806 801 promessa
822 716 850 781 si
866 715 1088 795 satisfacessi,
1107 719 1233 804 perche
1254 738 1325 784 non
1340 720 1360 786 ὁ
1375 719 1420 786 (13
1434 720 1576 789 credere

345 832 411 899 che
427 830 629 918 prometessi
645 853 665 898 a
683 832 725 899 V.
750 830 836 899 Sria.
859 831 963 898 lllma.
987 853 1049 917 per
1065 854 1120 901 me
1135 854 1216 900 cosa
1231 836 1286 900 ch'
1305 856 1326 900 a
1341 856 1397 903 me
1412 834 1494 902 fossi
1510 834 1574 901 im-

346 946 521 1031 possibile:
539 958 574 1014 et
591 947 641 1013 fra
663 968 806 1033 persone
822 948 886 1013 che
910 956 1047 1014 temdno
1062 960 1098 1013 et
1118 968 1242 1015 amano
1258 946 1354 1015 lddio
1373 950 1419 1016 N.
1442 950 1496 1032 S.,
1512 949 1576 1016 im·

343 1062 505 1149 possibile
521 1062 550 1129 si
567 1072 688 1148 reputa
711 1062 826 1147 quello
842 1064 908 1130 che
930 1084 996 1130 con
1012 1064 1128 1129 buona
1150 1063 1361 1131 conscientia
1375 1086 1445 1131 non
1460 1065 1489 1132 si
1504 1068 1576 1152 pud

344 1179 406 1246 far.
426 1180 469 1245 Et
485 1176 520 1243 in
537 1166 657 1262 questa
673 1192 769 1265 parte
784 1177 818 1244 io
833 1177 1167 1247 indubbitatamente
1179 1178 1225 1245 mi
1240 1180 1409 1265 persuado
1421 1182 1576 1249 offende-

344 1294 393 1364 rei
409 1316 430 1361 a
445 1294 511 1361 Dio
527 1294 573 1363 N.
592 1295 630 1363 S.
656 1315 695 1362 se
713 1295 760 1361 tal
780 1295 1067 1362 comandamento
1082 1295 1243 1362 absoluto
1262 1295 1398 1377 facessi,
1416 1298 1517 1381 quale
1532 1296 1576 1363 ri·

343 1430 443 1477 cerea
459 1412 491 1477 la
506 1410 624 1479 madre
639 1411 683 1477 de
699 1408 855 1491 Ottauio;
875 1432 895 1478 a
910 1408 966 1476 cui
991 1409 1160 1496 trauaglio
1176 1410 1219 1477 de
1240 1421 1356 1478 mente
1370 1421 1406 1479 et
1420 1412 1456 1479 di
1471 1432 1576 1500 corpo

343 1529 451 1594 molto
472 1526 694 1612 compatisco.
718 1526 762 1591 Et
781 1524 939 1593 desidero
955 1526 999 1591 da
1018 1546 1123 1593 cuore
1142 1524 1166 1589 il
1186 1546 1253 1592 suo
1274 1546 1358 1593 uero
1378 1526 1533 1607 timedio,
1551 1527 1576 1593 il

341 1644 443 1729 quale
458 1642 608 1709 consiste
623 1639 659 1707 in
675 1639 899 1708 conformarsi
915 1662 982 1707 con
999 1641 1032 1706 lo
1049 1641 1145 1720 uolet
1160 1640 1194 1708 di
1210 1640 1278 1707 Dio
1293 1643 1335 1708 N.
1352 1643 1405 1725 S.;
1423 1664 1479 1709 ma
1493 1663 1576 1709 con-

343 1758 490 1845 piacerla
505 1779 570 1824 con
587 1757 676 1824 mala
692 1755 902 1824 conscientia
919 1756 998 1838 mia,
1016 1757 1036 1825 ὲ
1051 1767 1147 1825 certo
1163 1760 1228 1825 che
1244 1778 1313 1824 non
1330 1758 1497 1843 portiani
1512 1761 1575 1827 ha-

343 1872 437 1941 ucria
449 1896 469 1940 a
487 1874 571 1939 farlo
583 1894 646 1959 per
659 1883 748 1941 tutte
760 1872 792 1939 le
808 1892 888 1940 cose
901 1883 1028 1941 create.
1047 1873 1091 1938 Et
1108 1894 1178 1938 non
1191 1872 1374 1940 dobbiamo
1391 1886 1530 1961 reputar
1543 1876 1576 1941 la

227 2069 231 2076 Ι
341 1990 459 2057 diuina
475 1988 641 2075 sapientia
660 1998 756 2056 tanto
772 2010 888 2055 scarsa
904 1988 948 2054 de
960 1987 1086 2075 partiti,
1105 1990 1171 2055 che
1186 2010 1256 2055 non
1273 1989 1398 2056 habbia
1414 1991 1516 2057 modo
1531 1992 1574 2058 de

342 2105 509 2175 remediat
525 2106 591 2171 alla
612 2105 729 2171 madre
745 2126 850 2171 sanza
866 2104 899 2169 la
914 2103 1005 2171 uista
1025 2104 1081 2171 del
1096 2104 1239 2189 figliolo,
1257 2106 1358 2189 quale
1374 2126 1478 2173 sanza
1493 2126 1576 2193 pec·

344 2235 424 2292 cato
442 2233 563 2306 reputo
580 2242 649 2287 non
661 2220 772 2307 potrei
788 2222 849 2285 far’
866 2218 965 2286 uenir
980 2242 1001 2286 a
1017 2218 1152 2306 Napoli.
1168 2221 1268 2288 Oltra
1283 2220 1318 2285 di
1331 2219 1386 2287 cio
1401 2221 1511 2288 saccio
1524 2222 1575 2289 in-

344 2339 485 2407 tendere
500 2359 521 2404 a
538 2338 585 2405 V.
611 2336 699 2405 Sria.
718 2336 841 2415 lllma.,
864 2339 943 2415 che,
960 2336 1119 2404 uedendo
1134 2335 1158 2401 li
1173 2335 1281 2403 nostri
1297 2335 1332 2402 di
1349 2336 1467 2405 Sicilia
1481 2348 1577 2405 tanto

344 2454 524 2523 molestato
541 2454 620 2540 quel
634 2452 778 2539 figliolO,
792 2462 828 2521 et
842 2452 1001 2518 temendo
1015 2448 1040 2516 l’
1052 2450 1312 2536 inquieterebbe
1323 2474 1458 2539 sempre
1470 2454 1502 2519 la
1515 2473 1576 2519 sua

343 2569 473 2650 madre,
492 2569 640 2637 essendo
664 2566 789 2649 uicina,
813 2568 843 2633 s’
860 2588 966 2634 erano
985 2566 1127 2634 resoluti
1142 2566 1177 2632 di
1194 2567 1369 2635 mandatio
1384 2569 1420 2634 in
1435 2568 1576 2656 Spagna

343 2707 365 2752 o
384 2685 581 2771 Portugallo
598 2703 663 2751 con
683 2686 718 2750 la
738 2683 845 2769 prima
865 2683 1073 2750 commoditai
1092 2682 1128 2749 di
1151 2684 1268 2750 buona
1288 2683 1522 2770 nauigatione,
1541 2694 1576 2753 et

344 2800 417 2869 cosi
436 2800 528 2867 forsa
539 2822 559 2867 a
572 2809 694 2885 questa
707 2800 792 2865 hora
808 2798 830 2864 il
843 2796 992 2885 giouane
1008 2802 1085 2865 sera
1100 2799 1262 2865 mandato
1273 2798 1310 2864 in
1326 2799 1438 2883 quelle
1450 2800 1574 2881 bande,

344 2916 369 2983 il
385 2919 450 2985 che
466 2915 499 2983 io
515 2937 583 2983 non
601 2917 647 2981 ho
663 2913 846 3002 prohibito,
869 2914 1071 3000 parendomi
1088 2916 1173 2982 oltra
1188 2914 1232 2981 de
1248 2916 1344 2983 leuat
1360 2915 1383 2981 il
1400 2914 1548 3002 giovane
1563 2927 1578 2957 ⁸

344 3032 379 3099 di
396 3031 556 3119 peric010,
575 3029 629 3098 ch’
646 3032 758 3099 anche
774 3030 805 3097 la
822 3029 940 3099 madre
955 3030 984 3096 si
1000 3030 1256 3110 consolarebbe,
1275 3044 1311 3099 et
1326 3030 1578 3118 aggiutarebbe

344 3148 473 3235 meglio
489 3169 532 3214 ne
548 3148 581 3214 lo
597 3147 717 3234 spirito
738 3148 877 3234 quando
894 3147 1054 3233 perdesse
1074 3146 1107 3213 al
1125 3157 1215 3214 tutto
1231 3149 1263 3214 la
1279 3168 1444 3234 speranza
1458 3149 1502 3215 de
1518 3169 1578 3217 ue-

346 3266 428 3333 dere
449 3262 473 3330 il
493 3281 558 3330 suo
578 3262 709 3350 figliolo
730 3284 791 3349 per
810 3264 957 3349 qualche
979 3271 1104 3348 tempo.
1128 3264 1173 3328 Et
1193 3272 1315 3347 questa
1336 3263 1354 3330 ὲ
1375 3264 1408 3329 13
1429 3264 1578 3331 secunda

345 3402 462 3461 causa,
482 3402 542 3467 per
563 3380 595 3446 la
612 3381 712 3464 quale
729 3401 797 3445 non
815 3378 861 3444 mi
881 3380 902 3444 e
923 3377 1085 3464 possibile
1100 3388 1299 3445 contentare
1315 3378 1348 3445 la
1368 3400 1432 3446 sua
1447 3379 1576 3461 madre,

345 3497 584 3565 comendando
602 3497 875 3563 absolutamente
892 3495 924 3559 al
941 3493 1073 3581 figliolo
1089 3494 1208 3563 uenesi
1223 3517 1243 3561 a
1261 3495 1409 3563 uederla.
1428 3497 1472 3562 V.
1487 3493 1574 3563 Sria.

346 3614 452 3681 lllma.
471 3634 537 3679 con
555 3612 634 3699 quel
651 3612 743 3677 lume
758 3613 823 3677 che
839 3609 908 3677 Dio
924 3611 970 3677 N.
992 3611 1029 3677 S.
1048 3609 1072 3675 li
1088 3611 1133 3698 ha
1149 3609 1242 3693 datu,
1259 3630 1299 3677 so
1315 3610 1493 3678 intenderit
1510 3612 1578 3678 che

346 3730 378 3796 io
392 3751 461 3795 non
474 3750 577 3814 posso
593 3729 643 3793 far
656 3728 742 3793 altra
758 3726 916 3812 risposta,
930 3736 966 3793 et
978 3725 1105 3794 uedera
1120 3724 1222 3793 etiam
1239 3727 1318 3811 qual
1329 3739 1426 3813 parte
1442 3726 1476 3792 di
1491 3747 1578 3813 que·

345 3856 400 3911 sto
416 3845 444 3910 si
461 3843 585 3911 debbia
602 3840 731 3911 referir'
747 3843 813 3909 alla
829 3863 893 3909 sua
909 3843 1036 3910 madre.

413 3962 528 4047 Prego
544 3961 577 4025 la
598 3958 715 4025 diuina
736 3970 771 4027 et
791 3977 922 4025 somma
946 3956 1051 4023 bonti
1069 3955 1098 4023 si
1118 3958 1221 4043 degni
1244 3956 1324 4023 farsi
1339 3978 1527 4027 conoscere
1542 3968 1578 4025 et

345 4098 459 4143 amare
475 4096 573 4142 como
586 4075 769 4156 conuiene,
784 4084 819 4142 et
831 4073 978 4160 posseda
990 4073 1013 4137 il
1026 4094 1130 4141 cuore
1143 4072 1178 4139 di
1190 4074 1303 4157 quella
1315 4073 1467 4159 signnm,
1482 4066 1577 4141 accio

345 4194 409 4259 che
426 4191 461 4258 in
478 4214 554 4259 essa
570 4202 605 4259 et
622 4212 682 4277 per
698 4211 775 4257 essa
791 4188 856 4255 ami
874 4200 964 4257 tutte
980 4188 1002 4253 l'
1019 4189 1103 4255 altre
1119 4200 1289 4269 creature,
1312 4200 1348 4255 et
1363 4212 1383 4257 a
1400 4189 1479 4256 tutti
1497 4208 1578 4255 con·

399 4414 413 4441 ι
448 4397 558 4467 giuone
572 4414 626 4451 ms.

344 4520 531 4533 ———-

398 4584 410 4615 ²
446 4582 590 4641 Octavius
608 4582 729 4651 Caesar,
748 4580 908 4636 Societatis
931 4580 999 4651 tiro,
1016 4581 1067 4654 qui
1085 4580 1114 4636 in
1131 4579 1233 4636 Sicilia
1256 4583 1440 4653 versabatur,
1463 4581 1577 4655 dequo

344 4674 422 4729 haud
435 4675 527 4730 semel
542 4672 722 4729 mentionem
737 4670 871 4726 fecimus.
