3567 5409
563 489 666 547 Emer.
686 487 842 559 ⁴pru-29
863 490 980 547 Manu
1000 502 1069 561 1554
1344 507 1397 564 5²9

199 640 231 709 ci
247 641 266 707 ὲ
283 642 391 707 molto
411 652 554 728 patrone
573 652 609 707 et
629 642 811 709 beneuolo:
835 654 869 711 et
890 666 910 709 a
932 645 1012 711 tutti
1033 644 1183 712 salutino
1203 646 1247 712 de
1268 659 1364 732 parte
1388 648 1431 715 de

200 760 244 824 N.
264 756 608 824 P.·officiosemente.

230 900 234 906 ⁴
265 874 304 941 S'
321 872 487 940 accederit
503 872 600 939 farne
616 874 790 942 mentione
805 875 850 940 de
866 875 1003 963 collegii
1020 875 1055 942 in
1072 877 1185 962 quelle
1206 877 1331 959 bande,
1357 890 1431 948 ten·

198 988 273 1075 gasi
289 1002 386 1057 certo
396 990 462 1055 che
473 989 514 1055 N.
529 988 570 1054 P.
584 1009 653 1054 non
665 1001 785 1074 reputa
797 990 923 1057 debbia
935 990 1115 1058 accettarsi
1128 992 1278 1079 collegio
1291 996 1428 1076 aleuno,

198 1106 289 1172 doue
303 1126 374 1173 non
388 1104 471 1172 fossi
486 1127 549 1191 per
563 1104 587 1170 il
604 1126 726 1172 maneo
741 1105 915 1173 comoditir
933 1108 977 1175 de
992 1126 1072 1173 casa
1087 1119 1123 1175 et
1138 1109 1268 1189 chiesa,
1292 1122 1326 1178 et
1349 1133 1431 1197 pro·

199 1220 331 1289 uisione
351 1242 412 1307 per
432 1233 600 1289 trattener
626 1240 677 1304 14:
702 1221 759 1288 doi
780 1220 951 1289 sacerdoti
971 1222 1116 1309 operarii
1137 1246 1197 1309 per
1220 1226 1428 1295 fructificare

198 1339 278 1405 nell’
296 1336 421 1418 anime,
439 1350 475 1406 et
489 1348 613 1423 quatro
630 1338 767 1404 maestri
783 1358 846 1423 per
861 1338 1024 1427 insegnar
1040 1340 1161 1409 lettere
1176 1341 1212 1407 di
1233 1343 1425 1427 humanita,

197 1454 301 1521 latine
316 1465 351 1523 et
367 1474 483 1540 grece,
500 1463 548 1533 et,
567 1455 595 1519 s'
611 1454 789 1532 accedere,
812 1455 985 1534 hebraice,
1009 1467 1044 1524 et
1065 1454 1114 1525 sei
1135 1456 1212 1522 altri
1233 1458 1371 1538 scolari,
1395 1469 1430 1527 et

196 1570 291 1636 doio
307 1582 359 1639 tre
373 1569 548 1637 seruitori.
566 1570 623 1637 Ma
638 1570 674 1634 in
691 1568 793 1635 simili
808 1570 932 1657 collegi
951 1591 1019 1636 non
1040 1572 1205 1639 accederit
1225 1594 1369 1659 pensare
1389 1575 1440 1640 d’.

195 1687 281 1753 altre
297 1686 424 1753 inculti
436 1683 616 1771 superiori,
633 1706 689 1751 rna
704 1686 894 1753 solamente
910 1685 1012 1753 insin’
1030 1688 1095 1754 alla
1111 1688 1294 1769 rhetorica,
1313 1702 1348 1755 et
1362 1712 1430 1757 una

195 1801 344 1869 lectione
357 1801 446 1868 della
461 1801 629 1887 scriptura
645 1801 724 1869 ode
740 1802 810 1868 easi
826 1801 862 1866 di
877 1801 1098 1871 conscientia.
1121 1805 1221 1870 Doue
1238 1804 1267 1870 si
1284 1826 1430 1891 pensase

196 1927 327 1985 metere
341 1918 461 1984 lectori
476 1918 520 1983 de
532 1917 656 2004 logica,
671 1915 803 2005 phisica
817 1927 853 1985 et
869 1917 1057 2003 theologia,
1076 1920 1221 1987 sarebbe
1234 1921 1427 1988 necessario

194 2042 332 2118 poterse
348 2044 534 2101 trattenere
549 2034 656 2099 molto
673 2033 830 2119 maggior
845 2052 1004 2115 numeru,
1022 2033 1118 2100 accio
1133 2033 1168 2099 in
1186 2045 1276 2102 tutte
1290 2036 1323 2102 le
1339 2036 1429 2105 clas·

193 2147 373 2215 sifussino
387 2146 510 2214 scolari
526 2148 633 2214 nostri
655 2148 744 2214 oltra
764 2147 786 2212 li
809 2146 958 2215 maestri.
983 2150 1054 2214 Pur
1075 2158 1208 2234 quanto
1231 2172 1251 2216 a
1273 2151 1425 2237 collegii,

193 2264 329 2333 benchi.
345 2262 374 2331 si
390 2268 459 2350 pud
475 2264 657 2349 disponere
672 2264 706 2330 la
721 2264 875 2343 materia,
895 2262 1095 2330 risolutione
1111 2286 1181 2331 non
1197 2264 1224 2332 si
1240 2266 1311 2335 fara
1323 2288 1428 2335 sanza

193 2380 218 2445 il
233 2379 448 2466 beneplacito
463 2382 507 2449 de
522 2381 567 2447 N.
586 2380 626 2448 P.
647 2382 751 2448 Mtro.
769 2378 916 2465 lgnatio.

262 2496 365 2563 Circa
380 2496 404 2561 il
419 2497 583 2565 mandare
605 2507 710 2583 gente
731 2495 766 2562 in
787 2506 910 2579 queste
930 2494 1055 2575 bande,
1081 2494 1132 2562 sia
1153 2498 1234 2581 qual
1257 2496 1427 2565 conuiene

193 2632 257 2701 per
271 2616 324 2679 sar
339 2614 445 2679 trutto
461 2613 549 2681 nelle
565 2613 685 2681 lettere
701 2634 723 2678 o
738 2610 816 2679 nell'
834 2610 959 2693 anime3
978 2622 1013 2676 et
1030 2610 1186 2679 facciano
1202 2612 1382 2682 intendere
1407 2637 1427 2681 a

192 2728 310 2813 quelli,
328 2730 395 2796 che
410 2732 525 2795 hanno
538 2728 622 2795 altra
638 2726 810 2813 opinione,
835 2730 892 2793 ch'
916 2726 939 2793 il
962 2725 1109 2813 disegno
1129 2728 1164 2793 di
1181 2730 1228 2795 N.
1260 2730 1297 2795 P.
1324 2730 1424 2796 elar'

192 2842 307 2913 idonei
322 2846 345 2909 l'
363 2844 521 2931 operarii,
538 2856 573 2911 et
589 2844 692 2929 dopoi
714 2842 908 2909 rimandarli
931 2864 1033 2911 uerso
1056 2842 1203 2910 Fiandra
1225 2856 1260 2911 et
1284 2846 1421 2913 Alema·

192 2982 274 3047 gna3
291 2973 327 3027 et
341 2959 363 3025 l'
379 2960 577 3047 esperienza
587 2959 635 3045 gli
652 2960 686 3025 lo
702 2960 880 3040 mostrara;
900 2970 934 3025 et
951 2958 1072 3026 dirano
1089 2960 1209 3045 quanti
1232 2960 1423 3051 fiamenghi

190 3088 227 3143 et
251 3077 432 3145 thudeschi
458 3076 555 3143 siano
579 3076 613 3140 in
636 3086 759 3159 questo
782 3090 900 3141 nostro
916 3074 1075 3161 collegio,
1103 3086 1137 3143 et
1162 3076 1218 3144 nel
1245 3076 1422 3163 germani-

192 3214 235 3259 co
245 3202 315 3261 etc.

466 3496 606 3563 PATRI
631 3372 863 3580 QUlNssgig
888 3495 1147 3563 CHARLART

617 3622 706 3665 noua
720 3623 756 3679 ²9
768 3621 876 3664 urent
891 3622 961 3679 1554
976 3614 996 3665 ¹.

440 3738 535 3809 copia
547 3737 588 3807 fit
600 3735 757 3790 emittendi
769 3735 931 3790 solemnem
943 3736 1172 3807 professionem.

259 3893 414 3980 lgnatins
429 3904 499 3959 etc.

257 4008 391 4078 Dilecto
407 4008 441 4073 in
458 4006 523 4074 X.⁰
540 4004 635 4072 fratri
654 4008 749 4091 Mag.
768 4003 938 4088 Quintino
953 4004 1124 4085 Charlart,
1142 4008 1288 4075 salutem
1301 4008 1335 4072 in
1348 4010 1421 4075 Do·

190 4128 285 4195 mino
305 4125 560 4211 sempiternam.

258 4245 346 4310 Cum
364 4251 543 4327 perspecta
560 4237 659 4303 nobis
674 4237 719 4303 sit
734 4235 827 4303 vitae
843 4256 884 4301 ac
905 4256 1038 4301 morum
1056 4248 1192 4302 tuorum
1212 4238 1365 4324 probitas
1388 4250 1422 4307 et

187 4358 359 4439 doctrina,
375 4377 464 4441 quae
480 4354 575 4420 iuxta
590 4346 854 4419 constitutiones
869 4361 1008 4417 nostrae
1023 4350 1207 4420 Societatis
1229 4354 1271 4419 ad
1294 4355 1421 4441 profes·

187 4475 318 4541 sionem
334 4474 520 4540 solemnem
536 4468 758 4535 emittendam
775 4466 971 4551 requiritur,
992 4488 1054 4533 nec
1072 4476 1185 4535 tamen
1203 4468 1237 4533 in
1259 4490 1421 4554 praesen-

246 4708 253 4735 '
291 4705 338 4759 Ex
349 4704 529 4775 apographo,
543 4702 574 4757 in
586 4701 689 4758 codice
707 4700 823 4758 Deerat.
838 4705 867 4756 et
880 4702 984 4764 ἐπείη,
999 4698 1051 4753 iol.
1065 4714 1131 4767 44v.

349 4800 452 4843 Morou.
462 4800 554 4845 letter.
565 4825 577 4833 -
585 4800 682 4853 Emer„
693 4812 753 4846 rou.
768 4800 814 4845 Vl.
1263 4795 1290 4838 ⁸⁴
