3567 5409
422 533 477 591 520
797 520 1004 577 nonnarum
1029 522 1207 581 luminans

384 694 454 738 uno
470 673 581 739 amico
594 686 712 739 nostro
728 674 765 740 fu
780 673 824 741 de
840 673 962 759 Napoli
979 673 1100 741 scritto
1116 676 1180 741 che
1198 672 1324 742 ueniua
1340 670 1454 757 quella
1469 692 1607 756 persona

385 808 447 873 per
460 789 490 854 la
503 788 721 874 Compagnia
737 800 866 869 nostra;
880 788 916 855 di
930 791 1030 855 modo
1046 791 1111 857 che
1128 810 1198 855 non
1210 790 1299 857 deue
1312 808 1406 855 esser
1418 786 1503 854 costi
1517 798 1607 873 trop-

385 924 429 989 po
445 914 589 971 secreta.
608 906 743 988 Questo
758 926 819 990 per
835 904 945 972 auiso.

452 1020 530 1085 Non
546 1022 635 1087 altro
655 1019 730 1089 diro
753 1041 814 1105 per
834 1021 866 1086 le
883 1020 1100 1106 occupationi
1116 1020 1151 1085 di
1173 1030 1296 1105 questo
1316 1028 1415 1085 santo
1431 1029 1555 1104 tempo,
1573 1040 1608 1085 se

385 1156 454 1201 non
475 1137 539 1199 che
559 1136 614 1200 all'
631 1135 778 1201 orationi
798 1134 832 1201 di
855 1137 899 1202 V.
925 1135 1013 1203 Sria.
1037 1136 1119 1201 tutti
1139 1135 1183 1201 da
1199 1155 1305 1201 cuore
1322 1135 1427 1200 molto
1447 1133 1478 1199 ci
1494 1153 1607 1199 racco-

384 1249 589 1331 mandiamo‚
612 1260 647 1317 et
667 1250 868 1336 preghiamo
881 1254 966 1338 Jesir
988 1250 1052 1317 X.⁰
1075 1252 1112 1319 S.
1133 1252 1176 1317 N.
1203 1250 1234 1315 ci
1255 1250 1406 1315 conceda
1424 1248 1518 1315 felice
1534 1270 1608 1334 pas·

384 1387 452 1450 qua
468 1365 504 1430 in
521 1388 585 1432 suo
601 1377 701 1432 santo
722 1366 873 1433 seruitio,

452 1484 504 1550 De
521 1484 628 1549 Roma
643 1505 663 1548 a
680 1502 723 1565 24
738 1483 782 1550 de
799 1486 916 1550 Marzo
938 1500 1035 1567 1554.

453 1597 553 1665 Mtro.
572 1598 720 1665 Michele
734 1610 771 1665 et
794 1603 896 1667 Mtro.
915 1601 942 1667 F
945 1599 1072 1666 abricio
1089 1601 1100 1633 ¹
1123 1610 1247 1666 stanno
1268 1598 1356 1666 assai
1378 1601 1479 1665 bene:
1505 1618 1568 1684 pur
1584 1599 1610 1663 si

386 1714 517 1782 muteri
531 1717 633 1781 Mtro.
650 1714 796 1782 Michele
807 1716 841 1781 d’
854 1714 1033 1800 Agubbio,
1049 1714 1173 1801 pecchi
1187 1736 1249 1781 sua
1262 1715 1511 1800 complessione
1523 1724 1611 1781 teme

385 1831 490 1913 quell’
508 1830 587 1896 aria.

452 1947 648 2030 Inscriptio.
669 1946 805 2032 Napoli.
827 1949 893 2012 Per
910 1950 1012 2014 Mtr0.
1032 1946 1235 2014 Hieronimo
1253 1948 1396 2033 Vignes.

569 2260 707 2324 PATRI
734 2136 1165 2325 ANDREAtiiiiitEoo
1191 2260 1253 2325 EX
1278 2259 1429 2325 COMM.

799 2388 887 2429 noun
907 2389 942 2441 24
961 2386 1069 2429 unnrn
1093 2386 1160 2443 ¹554
1182 2376 1199 2428 ¹.

385 2500 429 2553 De
442 2499 619 2557 Solmarone
631 2500 763 2555 Romam
773 2505 840 2571 pent
849 2502 963 2573 pascha
981 2500 1203 2555 venturo-Da
1220 2499 1376 2557 cardinali
1391 2496 1611 2571 orange-De

639 2588 752 2643 titteris
764 2606 800 2643 ex
813 2587 905 2643 India
918 2590 952 2642 in
966 2589 1060 2643 lucem
1075 2587 1245 2644 edendis-
1256 2588 1362 2643 Varia.

455 2734 525 2798 Pax
541 2732 683 2799 Christi.

453 2847 639 2914 Carissimo
656 2850 768 2915 Padre
784 2848 818 2914 in
830 2851 914 2935 Jeso
932 2848 996 2914 X.⁰

453 2962 613 3031 Scriuero
629 2976 758 3048 quanto
774 2968 873 3049 potrl)
891 2964 926 3028 in
945 2963 1063 3031 brieue
1081 2984 1140 3048 per
1155 2964 1179 3029 l'
1202 2962 1418 3049 occupationi
1438 2961 1474 3026 di
1496 2972 1611 3047 questa

386 3088 484 3145 santa
501 3080 600 3147 festa.

455 3193 585 3261 Poiche
600 3195 671 3261 cosi
689 3216 768 3280 pare
784 3196 815 3261 al
839 3198 881 3264 P.
903 3199 1005 3263 Mtro.
1027 3195 1207 3264 Salmeron
1228 3216 1294 3259 con
1316 3193 1451 3279 ragioni
1471 3194 1540 3259 che
1559 3213 1609 3259 sa·

386 3310 491 3377 rebbe
507 3310 733 3377 conveniente
749 3310 901 3379 fermarsi
923 3328 960 3395 15
978 3332 999 3376 0
1016 3308 1190 3397 20,giorni
1206 3310 1296 3395 dopo
1309 3330 1439 3394 pasqua
1451 3308 1486 3373 in
1500 3310 1610 3393 Napo-

385 3424 423 3506 ti,
441 3426 484 3491 N.
505 3428 545 3491 P.
565 3426 779 3493 &contento
799 3425 907 3493 Perii
925 3444 968 3493 20
984 3428 1027 3493 de
1045 3425 1166 3512 Aprile
1183 3426 1282 3492 basta
1296 3425 1458 3508 adunque
1478 3422 1611 3491 chesia

387 3562 407 3605 a
423 3542 532 3607 Roma
547 3562 569 3607 o
584 3543 719 3607 almeno
735 3541 765 3607 si
780 3552 887 3609 metta
902 3541 938 3607 in
956 3542 1106 3628 viaggio

452 3658 526 3723 Che
541 3657 564 3722 il
581 3657 731 3724 cardinal
747 3660 759 3692 ³
777 3658 833 3725 dia
849 3658 999 3737 licentia,
1019 3680 1088 3725 non
1104 3660 1293 3732 solamente
1314 3679 1334 3723 a
1352 3655 1413 3737 lui,
1437 3676 1493 3721 ma
1513 3654 1608 3722 etiam

385 3773 501 3839 atutti
517 3772 539 3838 li
554 3772 662 3839 nostri
684 3795 721 3840 se
741 3775 914 3841 uolessero
936 3773 1082 3860 partimi,
1106 3795 1174 3839 non
1196 3772 1407 3841 intendiamo
1426 3792 1525 3838 come
1549 3770 1609 3837 stia

384 3900 504 3971 questa
520 3910 585 3955 con
602 3890 687 3957 altre
702 3888 933 3956 informationi
948 3892 1013 3959 che
1029 3888 1211 3956 habbiamo
1228 3892 1358 3955 hauuto
1376 3887 1497 3973 prima.

451 4005 514 4071 Del
530 4017 701 4090 stampare
716 4006 839 4071 alcunc
854 4005 975 4073 lettere
991 4006 1071 4073 dell'
1090 4005 1196 4084 India,
1215 4004 1264 4071 sia
1281 4004 1315 4069 in
1333 4006 1427 4070 buon
1444 4004 1541 4083 hora;
1559 4022 1609 4066 ma

385 4119 554 4186 auertisca
569 4121 613 4186 V.
635 4121 674 4186 R.
693 4122 758 4188 che
773 4119 808 4185 di
825 4140 893 4204 qua
909 4120 938 4186 si
960 4122 1130 4189 uoleuano
1152 4143 1197 4187 un
1221 4141 1309 4206 poco
1323 4130 1496 4197 accitare,
1521 4128 1555 4185 et
1575 4138 1609 4183 se

385 4233 549 4321 uogliono
569 4238 633 4302 che
653 4235 681 4300 si
704 4234 866 4301 mandino
887 4248 976 4304 tutte
999 4247 1163 4304 assettate
1184 4258 1245 4322 per
1267 4236 1438 4321 stamp'are
1459 4232 1559 4313 costi,
1581 4230 1607 4296 si

384 4353 628 4418 manderanno.
647 4349 756 4418 Accio
768 4349 909 4418 insieme
925 4352 952 4419 si
971 4374 1132 4439 ueggano
1148 4363 1269 4437 queste
1284 4353 1417 4431 lettere,
1436 4350 1525 4416 della
1542 4345 1605 4435 pri-

438 4592 449 4625 ¹
486 4592 609 4648 Michael
623 4602 654 4647 et
667 4593 815 4649 Fabritius
828 4594 951 4666 Vignes,
964 4594 1137 4665 Hieronymi
1152 4594 1268 4660 iratres,
1282 4592 1462 4647 Societatem
1473 4586 1603 4663 amplexi.

440 4694 464 4769 ¹·
486 4736 529 4789 Ex
547 4736 651 4791 codice
665 4738 784 4809 Regesl.
799 4738 835 4792 11
838 4781 845 4803 ,
867 4737 919 4792 iol.
933 4750 995 4806 77r.
1173 4741 1185 4772 ¹
1224 4736 1329 4791 Petrus
1343 4734 1507 4789 Pachecua.
