3567 5409
531 435 634 494 Errsr.
653 436 810 504 418o.-22
831 435 1007 491 Faaaunarr
1028 446 1096 504 1554
1333 431 1383 500 ³4¹

195 588 256 654 alla
281 586 493 656 communiti
515 588 560 655 de
583 588 699 657 Tibuli
715 588 741 655 ¹.
767 588 929 657 Secondo
952 588 1065 673 quella
1083 608 1164 674 pare
1187 586 1216 654 si
1238 584 1348 673 potria
1369 583 1421 671 pi-

195 701 292 789 gliar’
307 724 369 790 per
384 724 482 770 mezo
497 724 588 771 anno
604 704 637 771 la
652 725 744 785 casa,
763 716 797 773 et
809 704 925 783 ⁸anche
940 704 1025 771 farla
1041 702 1244 790 pagar’alla
1265 720 1421 767 commu-

195 818 277 901 niti,
296 841 319 886 o
336 841 418 888 uero
433 823 500 891 che
515 820 718 888 contentino
734 822 767 888 la
781 820 899 887 donna
914 822 939 898 ³,
958 819 992 885 in
1011 831 1106 887 tanto
1122 820 1187 885 che
1204 818 1236 885 la
1253 815 1419 903 paghino,

193 936 215 1001 il
226 939 293 1003 che
303 958 374 1003 non
386 958 468 1023 pare
479 936 556 1003 sari
569 936 708 1003 difficile
719 936 940 1004 secondoche
953 935 1042 1003 nella
1058 954 1122 1001 sua
1138 934 1259 1003 lettera
1275 944 1418 999 mostra-

193 1072 239 1119 no
254 1052 352 1119 uoler
368 1054 559 1138 prouedere
574 1063 642 1119 etc.

260 1168 364 1235 Circa
379 1168 404 1233 l’
422 1170 525 1234 horto
540 1189 622 1253 pare
637 1168 707 1233 ch’l
724 1167 858 1233 fratello
874 1165 1029 1233 Antonio
1045 1166 1058 1199 ⁴
1076 1176 1173 1231 tocca
1192 1184 1238 1229 vn
1260 1174 1380 1249 punt0,
1399 1163 1422 1227 il

195 1284 296 1368 quale
311 1283 456 1351 sarebbe
472 1282 506 1348 in
523 1280 813 1351 consideratione.
830 1283 877 1351 Se
893 1303 913 1347 a
929 1282 974 1347 V.
994 1282 1036 1349 R.
1055 1300 1137 1365 pare
1153 1279 1330 1346 mandarlo
1354 1300 1422 1363 qua

197 1419 255 1485 per
270 1422 318 1465 vn
333 1398 457 1485 giorno
472 1420 494 1466 o
509 1398 579 1479 doi,
597 1411 753 1485 potremo
767 1398 946 1465 intendere
963 1394 1089 1483 meglio
1108 1396 1224 1479 quello
1244 1396 1310 1461 che
1330 1394 1419 1475 dice;
1505 1484 1509 1493 ¹

196 1526 230 1583 et
247 1517 291 1582 V.
311 1517 353 1583 R.
371 1516 393 1580 l'
409 1515 547 1582 informi
562 1514 665 1583 etiarn
686 1514 741 1583 del
762 1535 826 1581 suo
848 1511 957 1600 parer'
978 1513 1013 1578 in
1034 1522 1168 1597 questo,
1192 1522 1227 1578 et
1248 1510 1327 1577 dell’
1346 1509 1423 1575 altri

198 1631 333 1717 bisogni
349 1632 439 1701 delia
454 1652 533 1697 casa
548 1652 609 1697 sua
622 1642 656 1697 et
669 1629 878 1710 vestimenti,
893 1627 1031 1717 perche,
1047 1648 1114 1693 non
1130 1627 1290 1695 obstante
1303 1636 1422 1693 nostra

197 1747 351 1833 pouerti,
369 1747 393 1812 li
408 1747 649 1834 aggiutaremo
664 1745 700 1813 in
717 1747 820 1812 modo
835 1748 899 1813 che
915 1767 984 1811 non
1006 1742 1034 1811 si
1055 1740 1191 1811 manehi
1212 1743 1244 1809 al
1265 1762 1422 1809 neeessa-

198 1862 257 1931 rio.
278 1866 345 1931 Per
360 1863 410 1928 lui
425 1862 528 1929 etiam
544 1862 574 1928 si
589 1862 751 1930 manderai
768 1884 788 1929 a
804 1862 849 1928 V.
869 1862 911 1928 R.
930 1882 976 1926 vn
992 1858 1182 1928 Direttorio
1194 1856 1274 1927 delli
1287 1858 1423 1923 confes-

197 1978 276 2059 sori,
293 1982 359 2047 che
375 1979 439 2046 sie
455 1979 542 2046 fatto
558 1977 667 2063 quiin
684 1999 776 2057 casa,
794 1988 830 2045 et
845 1979 967 2044 lettere
987 1977 1030 2043 de
1051 1995 1142 2043 noue
1165 1974 1209 2043 de
1231 1975 1262 2040 la
1284 1972 1379 2039 India
1402 1993 1424 2038 0

199 2094 232 2158 d'
248 2095 334 2161 altre
350 2095 473 2160 bande.

262 2210 341 2276 Non
357 2211 456 2289 altro,
479 2232 517 2277 se
537 2231 607 2275 non
627 2208 683 2275 ch'
706 2210 771 2278 alle
793 2230 855 2275 sue
876 2207 1021 2275 orationi
1042 2207 1148 2272 molto
1169 2205 1200 2271 ci
1223 2224 1425 2271 raccoman·

200 2325 323 2393 diamo.
1043 2311 1046 2317 ’

263 2444 316 2509 De
333 2443 443 2509 Roma
460 2460 499 2509 21
519 2440 555 2508 di
570 2442 715 2509 Febraio
733 2457 830 2527 1554.

266 2559 460 2643 Inscriptio.
479 2557 606 2625 Tibuli.
626 2562 731 2627 Mtro.
750 2558 940 2626 Desiderio,

549 2721 1070 2932 Jrcomiwirrmco

598 2970 687 3016 norm
699 2972 733 3013 22
744 2970 915 3014 raanoinn
929 2970 997 3027 1554
1008 2959 1028 3013 ¹.

328 3090 460 3147 Comiter
473 3108 503 3147 so
514 3098 636 3147 excusat
648 3094 729 3164 quod
740 3095 946 3165 obtemperare
958 3092 1023 3163 ejus
1034 3092 1109 3147 votis
1119 3109 1180 3146 non
1190 3092 1295 3162 possit.

265 3230 375 3297 Molto
390 3230 576 3299 eccellente
592 3240 627 3297 et
643 3229 679 3296 in
696 3228 761 3296 X.⁰
777 3226 980 3295 charissimo
997 3226 1115 3315 signor
1131 3224 1213 3293 mio.

264 3344 314 3411 La
329 3364 461 3411 somma
476 3344 588 3432 gratia
602 3355 638 3412 et
654 3364 750 3411 amor
767 3356 886 3411 eterno
902 3341 946 3409 de
962 3341 1026 3408 X.⁰
1044 3343 1088 3408 N.
1107 3342 1144 3409 S.
1164 3340 1214 3407 sia
1236 3359 1371 3425 sempre
1392 3339 1428 3403 in

200 3457 293 3526 aiuto
308 3472 344 3528 et
359 3461 458 3527 fauor
474 3472 607 3527 nostro.

266 3576 323 3643 Ho
340 3575 498 3644 riceuuto
515 3598 586 3643 una
601 3578 724 3645 lettera
739 3578 783 3645 de
800 3578 844 3644 V.
863 3574 967 3656 Sria.;
986 3586 1020 3643 et
1037 3596 1096 3661 per
1113 3573 1227 3659 quello
1243 3570 1346 3639 etiarn
1365 3572 1429 3641 che

200 3692 242 3758 de
258 3692 377 3777 parole
393 3692 439 3758 mi
458 3692 549 3760 disse
566 3695 667 3761 Mtro.
692 3692 873 3761 Mariano¹
896 3695 942 3758 ho
964 3691 1092 3759 intesso
1113 3690 1169 3755 del
1190 3690 1257 3754 ben
1278 3709 1372 3756 esser
1394 3686 1428 3753 di

200 3810 243 3874 V.
261 3808 364 3887 Sria.,
383 3806 429 3874 dil
446 3810 513 3877 che
529 3808 695 3895 ringratio
714 3808 809 3875 Iddio
826 3810 872 3877 N.
890 3810 942 3887 S.,
970 3828 1068 3875 come
1090 3804 1145 3872 chi
1166 3804 1324 3871 desidera
1345 3804 1428 3889 ogni

200 3924 288 3992 bene
303 3935 339 3993 et
354 3926 544 4011 temporale
560 3936 595 3992 et
609 3935 730 3993 eterno
747 3946 767 3990 a
784 3926 830 3993 V.
848 3922 938 3992 Sria.
956 3944 976 3991 a
993 3922 1102 4010 gioria
1118 3924 1162 3990 de
1179 3922 1246 3987 Dio
1264 3920 1306 3988 N.
1323 3922 1361 3989 S.

202 4035 396 4050 01———--—-

251 4092 263 4118 ¹
301 4084 376 4139 Vide
390 4084 545 4158 epistolam
558 4086 751 4158 superiorem.

251 4174 263 4205 ³
300 4174 426 4230 Domina
439 4172 544 4230 domus
558 4174 729 4243 tiburtinae,
743 4192 831 4247 qnam
846 4174 938 4231 nostri
948 4172 1123 4230 conductam
1134 4170 1317 4227 habitabant.
1330 4170 1428 4243 Epist.

200 4262 325 4329 Mixtaa,
339 4264 390 4334 111,
404 4262 475 4334 582.-

253 4356 266 4387 ⁴
302 4352 450 4409 Antonius
462 4353 500 4409 de
513 4354 639 4409 Robore.

254 4490 262 4519 ¹
303 4488 346 4542 Ex
358 4486 461 4542 codice
476 4486 593 4559 Rogat.
609 4488 650 4551 ΙΙ,
665 4487 716 4547 iol.
728 4488 952 4558 §sn—Cariae,
966 4504 995 4543 n.
1010 4484 1206 4543 CCCCXXX.

253 4578 265 4611 2
302 4576 440 4631 Fortasse
464 4574 542 4631 idem
560 4576 600 4633 ait
617 4578 665 4632 hie
682 4579 777 4633 bonus
796 4577 851 4646 vir,
870 4594 904 4633 ac
923 4576 973 4632 ille
993 4575 1108 4648 dequo
1129 4588 1221 4645 agunt
1245 4574 1428 4642 POLANCUS,

204 4662 327 4736 Cbron„
341 4666 394 4737 IV,
407 4682 453 4737 403
466 4666 565 4738 Epist.
580 4666 705 4731 Nitriae,
720 4668 772 4737 lV,
786 4666 849 4736 324.
