3567 5409
500 454 604 509 Eersr.
624 451 762 522 Saye-9
781 453 968 509 necationis
989 450 1058 522 1553
1324 449 1361 506 33

173 608 233 673 tale
246 605 324 674 delli
339 605 460 684 nostri,
479 626 579 674 corne
595 628 642 673 un
657 606 836 691 capellano
856 605 914 671 del
934 626 1097 685 vescouo,
1120 627 1190 672 non
1210 606 1244 671 lo
1264 603 1394 691 patisce

173 732 279 789 nostro
293 720 463 805 instituto.
483 722 530 791 Se
541 723 570 789 si
586 722 727 791 intende
739 723 806 791 che
818 721 848 788 si
860 734 874 762 ⁸
888 722 1041 790 lacciano
1053 722 1077 788 li
1088 719 1277 808 sopradetti
1295 720 1394 787 offitii

172 859 227 923 per
241 859 309 904 uno
322 838 403 905 delli
419 837 540 921 nostri,
558 840 682 905 stando
698 842 780 924 perd
798 840 853 906 nel
870 838 1030 925 collegio,
1049 859 1070 904 ο
1085 860 1169 905 uero
1185 836 1395 921 seguitando

171 952 194 1018 il
204 974 360 1034 vescou0,
378 975 478 1021 como
494 955 591 1023 suole
608 977 655 1022 un
668 955 845 1021 confessor
860 954 1016 1039 seguiter
1029 975 1076 1021 un
1088 952 1256 1039 principe,
1270 964 1394 1038 questo

172 1090 234 1135 non
250 1068 514 1138 contradirebbe
529 1070 597 1136 allo
612 1056 770 1136 instituto
787 1068 962 1155 religioso,
979 1090 1036 1135 ma
1054 1070 1244 1137 solamente
1265 1071 1299 1135 fa
1320 1068 1396 1135 difi-

171 1184 303 1251 cultile
318 1184 464 1254 carestia
487 1187 619 1271 grande
639 1178 704 1253 c'he
726 1184 910 1252 habbiamo
930 1186 974 1253 de
995 1184 1177 1251 sacerdoti.
1203 1185 1336 1252 Perche
1359 1184 1394 1251 in

171 1300 286 1381 ueriti,
304 1302 482 1367 uolendosi
499 1303 581 1369 dare
597 1302 633 1367 in
648 1300 779 1369 diuersi
794 1300 889 1388 luogi
903 1300 1040 1387 collegii
1052 1322 1118 1367 con
1130 1322 1209 1367 case
1221 1312 1257 1368 et
1270 1300 1396 1369 intrate

172 1428 205 1483 et
221 1414 242 1481 l'
262 1418 346 1483 altre
368 1416 554 1500 comodital,
577 1440 648 1483 non
663 1418 695 1485 le
712 1418 884 1504 possiamo
900 1427 1071 1485 accettare
1088 1438 1149 1503 per
1161 1428 1282 1501 questa
1299 1438 1395 1483 care·

170 1532 241 1613 stia,
257 1534 359 1617 quale
371 1531 538 1619 prouiene
554 1556 614 1620 per
637 1555 733 1601 esser
757 1542 854 1599 tanto
877 1531 980 1600 diuisi
1004 1533 1028 1598 li
1044 1532 1153 1599 nostri
1169 1532 1204 1597 in
1220 1532 1306 1598 varii
1323 1532 1396 1599 luo·

169 1646 237 1735 ghi,
254 1648 450 1715 mandando
466 1650 504 1717 S.
522 1650 558 1717 S.
574 1671 677 1719 auna
693 1662 790 1735 parte
806 1659 841 1717 et
857 1649 957 1730 altra,
974 1648 1065 1715 doue
1081 1646 1112 1714 c'
1127 1649 1147 1715 ἑ
1160 1648 1307 1734 bisogno
1322 1648 1394 1733 spi·

169 1764 295 1832 rituale
321 1764 359 1833 Si
382 1786 525 1833 morono
547 1765 649 1833 etiam
673 1764 789 1832 alcuni
810 1785 871 1851 per
892 1766 924 1833 le
945 1764 1077 1851 grande
1098 1764 1239 1846 fatiche,
1262 1775 1298 1831 et
1317 1763 1394 1831 altri

169 1880 353 1948 diuentano
369 1878 518 1959 infermi,
537 1902 636 1947 como
652 1882 697 1948 V.
716 1884 758 1947 R.
780 1902 818 1947 sa
835 1901 896 1965 per
915 1880 1134 1967 esperientia.
1150 1880 1221 1965 Qui
1236 1880 1339 1947 etiarn
1359 1880 1395 1945 in

169 1996 272 2062 Roma
287 1996 319 2065 si
340 2018 430 2063 sono
452 1996 546 2063 molti
564 1995 713 2077 antelati,
731 2008 765 2065 et
782 1994 898 2063 alcuni
913 1994 957 2063 de
972 1996 1045 2061 loro
1060 2018 1166 2063 erano
1182 1994 1321 2063 maestri
1338 1997 1395 2063 del

170 2111 329 2199 collegio
890 2100 893 2112 ’

229 2230 285 2295 Ma
302 2229 503 2297 finalmente
518 2228 576 2295 doi
594 2228 685 2294 modi
701 2248 891 2295 occorrono
911 2250 932 2295 a
953 2230 997 2295 N.
1023 2230 1063 2295 P.
1086 2229 1130 2294 de
1150 2229 1338 2313 prouedere
1358 2228 1393 2293 d'

167 2365 210 2409 un
227 2344 420 2424 sacerdote,
438 2345 519 2429 qual
535 2346 564 2411 si
581 2344 722 2426 riserca,
740 2345 772 2410 al
788 2347 887 2411 Rmo.
907 2366 1070 2412 vescouo:
1095 2346 1174 2413 Uno
1190 2346 1222 2424 ὲ,
1240 2342 1270 2410 si
1287 2346 1331 2411 V.
1351 2346 1392 2410 R.

166 2459 293 2545 potessi
309 2460 489 2529 attendere
505 2483 526 2527 a
541 2460 593 2527 far
613 2460 726 2546 questi
746 2459 857 2541 offitii,
881 2460 1003 2546 poiche
1025 2459 1047 2525 li
1068 2461 1089 2526 ὲ
1110 2471 1215 2527 statto
1235 2461 1396 2528 mandato

163 2576 309 2663 aggiuto
324 2576 358 2641 di
376 2578 456 2661 quel
472 2578 650 2644 sacerdote
666 2578 837 2655 franceze,
857 2596 1003 2662 persona
1018 2578 1125 2642 molto
1141 2576 1349 2663 essemplare
1361 2587 1397 2644 et

164 2693 288 2758 buona.
309 2692 349 2759 L'
368 2692 455 2759 altro
471 2692 616 2758 sarebbe
632 2691 837 2779 spogliando
854 2703 972 2759 nostro
988 2692 1136 2778 collegio
1151 2692 1208 2760 del
1226 2694 1265 2759 P.
1285 2692 1397 2777 Quin·

165 2808 234 2873 tino
256 2809 282 2888 ³,
309 2818 437 2875 rettore
460 2805 493 2872 d'
514 2828 609 2889 esso,
634 2807 657 2873 il
680 2809 781 2893 quale
803 2810 820 2875 ὲ
842 2830 912 2875 una
935 2830 1080 2894 persona
1099 2820 1273 2895 atempata
1298 2820 1333 2877 et
1352 2810 1397 2877 de
1467 2874 1471 2883 ,

162 2924 295 3008 grande
311 2922 452 3005 santitd,
469 2930 504 2992 et
520 2924 651 2989 huomo
668 2923 774 2990 molto
790 2924 908 3003 docto,
926 2933 961 2990 et
973 2922 1147 2991 licentiato
1159 2923 1193 2989 in
1208 2922 1394 3009 theologia,

162 3038 204 3106 de
220 3038 392 3119 Louanio,
409 3048 446 3105 et
461 3038 627 3105 canonico
643 3040 687 3107 de
703 3038 841 3105 Tornai.
863 3041 955 3105 Mae
974 3059 1058 3105 uero
1070 3041 1138 3107 che
1151 3061 1220 3106 non
1234 3060 1272 3105 se
1285 3039 1396 3124 potria

161 3155 307 3221 mandat
323 3164 447 3240 questo
465 3154 576 3221 Padre
593 3176 716 3223 senon
734 3176 794 3239 per
812 3176 858 3219 un
875 3166 928 3222 tre
944 3154 1048 3221 messi
1068 3154 1210 3237 incirca,
1232 3152 1357 3241 perche
1378 3154 1398 3219 ὁ

160 3280 268 3337 statto
284 3291 464 3356 promesso
479 3292 499 3337 a
516 3271 628 3355 quelle
644 3292 705 3337 sue
722 3271 846 3351 bande,
871 3272 963 3337 douc
983 3271 1087 3337 etiam
1110 3270 1157 3337 lui
1181 3270 1259 3339 uole
1282 3272 1333 3336 lar
1350 3264 1397 3337 dn

159 3386 320 3473 collegio.
338 3388 367 3453 E
383 3387 473 3455 della
489 3386 609 3473 lingua
626 3388 796 3467 franceza,
816 3400 904 3455 etse
921 3388 1009 3456 bene
1030 3387 1183 3453 italian0.
1208 3388 1343 3454 Adesso
1365 3387 1399 3453 fa

158 3523 229 3567 una
245 3501 389 3569 lettione
404 3501 438 3569 di
455 3502 526 3569 casi
544 3502 579 3568 di
590 3502 800 3570 conscientia
815 3503 869 3571 nel
883 3515 1002 3569 nostro
1014 3504 1175 3590 collegio.
1191 3505 1235 3571 V.
1252 3505 1293 3571 R.
1311 3503 1399 3570 neda

159 3638 197 3684 se
213 3620 314 3705 potra
330 3618 382 3685 sar
397 3619 512 3702 quello
527 3618 556 3684 si
573 3631 649 3683 toea
666 3619 756 3687 nella
773 3618 882 3704 prima
900 3630 1008 3704 parte3
1027 3622 1117 3685 doue
1135 3623 1199 3686 che
1216 3641 1299 3697 non,
1316 3640 1396 3705 pro-

157 3754 251 3819 pona
267 3744 390 3818 questa
405 3733 555 3801 seconde
570 3734 603 3801 al
619 3734 802 3819 magnifico
817 3736 917 3801 Miro.
934 3735 1139 3813 Alesandro,
1153 3748 1188 3802 et
1202 3732 1395 3820 parendoli,

159 3850 188 3915 si
205 3851 371 3917 manderet
388 3861 510 3934 questo
534 3851 644 3917 Padre
660 3848 760 3915 insin'
777 3850 822 3916 al'
839 3851 971 3936 Aprile,
990 3853 1055 3918 che
1072 3850 1197 3937 partiri
1214 3872 1280 3916 con
1297 3852 1329 3915 la
1347 3850 1398 3915 di-

159 3964 244 4033 uina
259 3966 373 4051 gratia
391 3986 492 4033 uerso
507 3966 530 4031 il
547 3987 610 4031 suo
626 3987 729 4051 paese
747 3966 772 4030 ⁴.

228 4082 309 4148 Non
326 4081 426 4161 altro,
441 4102 479 4147 se
494 4102 564 4148 non
580 4084 645 4148 che
661 4082 694 4149 la
710 4084 752 4148 R.
772 4082 815 4149 V.
834 4083 918 4148 dara
931 4104 992 4148 sua
1005 4084 1127 4150 lettera
1140 4084 1172 4149 al
1184 4082 1303 4168 signor
1316 4084 1400 4148 Ale·

159 4204 379 4214 —————-

215 4284 230 4310 ¹
267 4267 295 4325 ci
309 4284 365 4322 mo.

218 4422 229 4454 ¹
268 4418 590 4489 QuintinusCharlart.

215 4512 227 4543 ¹
312 4508 470 4565 (tellectum
484 4518 530 4564 est
544 4518 576 4565 ut
589 4508 789 4565 conditionem
802 4510 882 4565 illam
897 4509 1023 4581 priorem
1037 4512 1106 4565 Dux
1116 4510 1297 4584 admitteret3
1309 4529 1400 4584 quare

159 4600 207 4670 [P.
222 4598 420 4669 Pelletarius],
440 4614 499 4653 non
516 4599 628 4655 relictis
646 4600 711 4655 aliis
729 4598 943 4669 functionibus,
962 4603 1036 4655 hanc
1055 4600 1145 4654 etiam
1160 4602 1322 4673 suscepit.»
1342 4602 1400 4658 Po·

158 4700 300 4763 inacus,
317 4689 510 4763 Chron.,111,
527 4704 588 4761 144.

300 4796 404 4843 Morou.
422 4798 644 4852 loram-Error„
660 4808 720 4841 rou.
739 4796 788 4840 VI.
1252 4801 1266 4839 3
