3567 5409
401 398 437 453 30
777 402 984 456 Monuurnrn
1008 402 1185 457 lemnam

360 551 572 621 intendiamo
589 555 620 619 la
638 552 774 622 fredeza
787 554 866 623 delli
884 554 980 620 cuori
998 553 1164 641 augubini
1182 565 1311 640 quanto
1326 555 1392 624 alle
1403 575 1483 623 cose
1495 554 1594 642 spiri·

361 668 467 750 tuate,
486 680 520 735 et
537 670 639 737 etiam
656 680 785 755 quanto
801 671 844 737 de
865 671 898 737 le
919 672 1036 739 schole
1054 670 1084 738 si
1104 669 1230 752 smine,
1253 682 1288 738 et
1308 671 1397 740 delle
1412 674 1594 755 monache3

360 798 395 852 et
411 808 431 853 a
448 794 536 853 tutte
553 798 675 871 queste
690 784 720 853 c'
737 788 755 853 ὲ
773 808 842 853 una
857 786 1015 873 risposta:
1035 790 1101 855 che
1117 788 1262 855 tacendo
1276 788 1332 854 noi
1347 789 1404 854 dal
1416 797 1518 859 canto
1534 810 1596 856 uo-

361 912 433 969 stro
456 903 570 988 quello
598 905 663 969 che
684 900 879 985 debbiamo,
903 904 926 969 il
952 916 1043 972 resto
1065 906 1250 972 lassaremu
1270 905 1462 990 prouedere
1484 927 1503 971 a
1529 903 1596 972 Dio

362 1018 406 1084 N.
425 1018 477 1099 S..
497 1018 553 1085 cui
568 1018 783 1105 prouidentia
798 1018 826 1086 si
842 1022 985 1087 estende
998 1020 1042 1087 ad
1054 1020 1137 1107 ogni
1153 1041 1247 1087 cosa.
1268 1022 1338 1087 Pur
1353 1020 1438 1087 siha
1453 1018 1556 1086 etiam
1572 1040 1594 1085 a

361 1132 567 1202 considerar'
592 1137 657 1202 che
678 1134 702 1200 il
725 1136 832 1201 frutto
855 1135 1032 1221 spirituale
1054 1136 1204 1203 seeundo
1223 1136 1258 1204 le
1272 1134 1487 1222 dispositioni
1506 1135 1595 1203 delle

362 1258 451 1317 terre
467 1251 495 1317 si
509 1250 622 1319 debbe
638 1250 826 1336 giudicare‚
839 1261 875 1318 et
890 1249 927 1316 in
939 1252 1084 1335 qualche
1100 1267 1190 1318 terra
1208 1274 1254 1317 un
1266 1252 1374 1339 grado
1390 1250 1419 1317 si
1432 1255 1595 1336 reputer&

362 1364 420 1451 piu
437 1368 503 1431 che
519 1374 641 1453 quatro
658 1366 693 1433 in
716 1367 816 1434 altra.
847 1368 891 1434 V.
913 1370 952 1433 R.
978 1367 1166 1453 perseueri,
1184 1388 1284 1435 como
1306 1368 1353 1434 ha
1373 1367 1592 1447 cominciato,

361 1480 398 1547 in
419 1502 499 1547 usar
519 1483 550 1548 la
573 1480 751 1569 diligentia
776 1493 992 1569 competente
1012 1482 1046 1548 in
1069 1478 1230 1569 aggiutar
1253 1484 1276 1549 li
1302 1482 1458 1569 proximi,
1486 1505 1593 1549 sanza

361 1597 496 1664 anxieti
513 1596 606 1683 pero,
624 1610 659 1665 et
674 1619 775 1666 sanza
794 1598 976 1665 affaticarsi
990 1611 1089 1685 tropo
1105 1620 1142 1667 se
1158 1610 1193 1669 et
1209 1599 1232 1664 li
1247 1598 1336 1679 suoi,
1355 1599 1446 1685 quali
1464 1620 1591 1685 procu-

362 1712 390 1778 ri
406 1735 591 1781 conseruat
606 1736 667 1800 per
683 1714 705 1779 il
722 1712 842 1782 diuino
858 1714 1014 1782 seruitio.

431 1830 457 1896 Il
477 1830 514 1895 Ρ.
539 1832 640 1897 Mtro.
664 1831 809 1897 Cessare
825 1831 849 1911 ³,
872 1830 1034 1898 mandato
1050 1852 1111 1915 per
1127 1840 1270 1898 rettora
1293 1830 1453 1910 Modena,
1478 1832 1593 1917 epas-

362 1956 437 2013 sato
461 1945 495 2012 di
518 1955 639 2031 questa
663 1944 734 2012 uita
754 1967 774 2012 a
795 1947 818 2011 l'
839 1944 961 2037 a[l]tra‚
988 1959 1024 2013 et
1050 1944 1073 2011 il
1098 1946 1279 2019 comisario
1299 1957 1353 2013 sta
1373 1946 1462 2014 assai
1488 1946 1582 2012 male*

362 2061 406 2129 V.
426 2062 467 2131 R.
487 2059 594 2127 faccia
611 2060 681 2128 fare
697 2060 851 2129 oratione
867 2082 928 2147 per
943 2061 1024 2127 tutti
1040 2059 1109 2127 doi.

430 2177 511 2261 Qua
526 2176 547 2243 ὁ
562 2196 741 2261 comparso
756 2187 769 2215 ⁸
785 2175 970 2243 Ambrosio
987 2176 1013 2256 ⁸,
1035 2188 1071 2244 et
1086 2175 1132 2242 mi
1148 2198 1230 2262 pare
1246 2176 1275 2242 si
1290 2177 1378 2263 parti
1394 2176 1429 2243 di
1444 2176 1476 2241 li
1493 2174 1591 2242 inde·

362 2304 591 2361 centemente.
611 2289 678 2359 Dio
694 2290 716 2357 li
732 2290 879 2378 aggiuti.

428 2406 472 2480 V.
491 2410 531 2475 R.
552 2406 635 2495 pigii
650 2430 695 2474 un
713 2406 871 2489 seruitor,
885 2410 953 2475 che
968 2407 1075 2476 faccia
1091 2409 1196 2493 quess'
1209 2409 1318 2476 offitio
1334 2410 1403 2477 che
1413 2407 1462 2473 lui
1475 2410 1592 2475 soleua

363 2528 415 2592 far
430 2528 506 2613 (che
518 2545 587 2591 non
600 2524 746 2609 importa
759 2523 782 2589 il
797 2524 865 2591 tale
876 2524 928 2591 sia
942 2524 1032 2593 della
1044 2524 1283 2611 Compagnia)‚
1301 2525 1404 2591 etiam
1416 2526 1483 2591 che
1499 2524 1523 2589 li
1535 2524 1592 2591 dia

362 2639 497 2723 salutm,
520 2650 555 2707 et
575 2662 656 2725 pare
676 2641 752 2707 sarai
773 2641 807 2706 la
827 2639 1012 2709 medem'ma
1032 2662 1132 2727 spesa
1153 2642 1217 2709 che
1236 2642 1281 2711 de
1300 2652 1399 2710 tener
1419 2662 1488 2709 uno
1504 2640 1594 2709 della

362 2756 591 2844 Compagnia,
615 2754 739 2842 poiche
759 2756 782 2822 il
803 2756 926 2823 salario
948 2741 1093 2826 sarebbe
1115 2778 1177 2843 per
1196 2756 1220 2822 il
1242 2756 1381 2824 ueStire.
1400 2758 1447 2826 Se
1463 2756 1594 2844 guada-

233 2938 242 2963 ,
363 2874 527 2961 gnassino
549 2871 583 2939 di
605 2870 637 2937 ld
654 2873 852 2956 qualchuno
868 2874 934 2939 che
950 2875 1078 2941 hauese
1099 2875 1167 2941 tale
1188 2873 1372 2941 deuotione
1392 2874 1436 2941 de
1464 2870 1594 2941 seruire

360 3012 424 3077 per
435 3010 530 3056 amor
541 2990 585 3057 de
603 2988 681 3069 Dio,
695 2986 784 3055 saria
801 2990 939 3076 megli03
958 3011 1012 3055 ma
1025 3010 1094 3055 non
1110 2987 1139 3055 si
1155 2988 1219 3055 stia
1233 3009 1293 3075 per
1310 2999 1432 3073 questo
1443 2990 1511 3057 che
1523 3008 1593 3054 non

362 3106 391 3173 si
407 3104 521 3174 serchi
537 3104 593 3171 chi
609 3126 711 3173 serua
727 3102 760 3171 d'
778 3125 825 3170 un
838 3106 940 3171 modo
955 3126 977 3171 o
994 3107 1037 3172 de
1055 3102 1113 3172 un'
1124 3105 1225 3183 altro,
1243 3103 1339 3171 acciri
1351 3104 1375 3169 li
1392 3102 1513 3186 nostri,
1530 3105 1595 3171 che

361 3221 538 3291 attendino
554 3221 620 3288 alle
636 3220 769 3300 lettere,
788 3241 858 3286 non
871 3218 969 3286 siano
985 3218 1123 3287 sforsati
1139 3220 1190 3286 far
1208 3220 1267 3285 tali
1282 3218 1391 3286 offitii.

429 3335 474 3405 Di
490 3358 558 3423 qua
579 3335 703 3404 stiamo
724 3336 812 3403 bene
828 3335 862 3403 in
884 3356 963 3403 casa
984 3358 1044 3422 per
1058 3338 1091 3403 la
1111 3334 1227 3402 diuina
1248 3333 1372 3422 gratia.
1396 3335 1460 3402 Nel
1477 3345 1595 3401 nostro

254 3438 260 3455 ’
357 3452 508 3539 collegio
525 3450 587 3519 c'e
603 3453 748 3538 qualche
764 3450 924 3532 infermo,
940 3474 995 3519 ma
1010 3453 1042 3519 le
1054 3473 1134 3519 cose
1149 3452 1205 3517 del
1216 3450 1335 3519 diuino
1352 3449 1493 3519 seruitio
1506 3450 1594 3518 nella

362 3590 442 3638 casa
457 3580 492 3636 et
508 3570 564 3637 nel
581 3568 727 3656 collegio
744 3590 859 3635 uanno
876 3568 965 3636 bene
980 3588 1043 3655 per
1056 3570 1090 3635 la
1105 3567 1222 3636 diuina
1237 3568 1360 3655 gratia.

430 3684 526 3753 Tutti
540 3705 580 3754 ce
594 3683 891 3752 raccomandiamo
908 3685 964 3749 all’
977 3683 1123 3750 orationi
1142 3684 1185 3751 de
1202 3686 1245 3751 V.
1261 3685 1303 3752 R.
1318 3693 1353 3749 et
1365 3682 1421 3751 del
1434 3684 1477 3753 P.
1490 3685 1526 3750 M
1530 3692 1592 3748 tro.

362 3800 564 3888 Augustino
580 3803 592 3835 ⁵
609 3820 676 3866 con
695 3798 774 3864 tutti
791 3800 814 3864 li
831 3798 954 3865 fratelli
970 3798 1175 3865 charissimi.
1218 3812 1222 3821 ’

429 3920 483 3986 De
500 3918 607 3984 Roma
626 3938 647 4005 9
663 3916 707 3981 de
723 3916 917 3984 Decembre
937 3930 1032 3999 1553,

432 4034 630 4118 Inscriptio.
650 4030 830 4117 Augubio,
849 4053 869 4097 a
886 4034 991 4101 Mtru.
1011 4032 1167 4099 Alberto.

417 4350 431 4378 ι
467 4344 621 4406 co'mpraso
635 4351 694 4391 ms.

415 4480 426 4511 ³
464 4478 575 4535 Caesar
589 4476 772 4537 Aversanus.

416 4571 427 4602 ⁴
463 4567 586 4638 Egimus
599 4565 635 4621 de
649 4568 705 4621 hoc
718 4566 781 4621 viro
795 4584 892 4639 supra.
909 4566 1053 4623 Videatur
1067 4568 1250 4638 Poetneum
1268 4567 1392 4631 Cicron..
1406 4566 1460 4636 ΙΙΙ,
1478 4582 1523 4638 4ο,
1547 4565 1597 4621 ubi

245 4698 248 4705 -
362 4658 489 4731 epistola
502 4668 574 4726 4022
586 4664 843 4712 commemoratur.
1013 4659 1024 4692 ⁵
1061 4658 1249 4728 Augustinus
1262 4656 1300 4712 de
1313 4658 1341 4712 la
1354 4656 1439 4715 Riva.
