3567 5409
562 512 667 566 Eersr.
687 507 843 580 409⁶·-23
855 509 1006 582 Jnnunan
1028 483 1095 579 1'554
1274 556 1279 567 .
1364 523 1416 578 2³7

265 663 539 732 Constitutiones
560 683 628 730 non
652 661 729 729 tulit
749 683 879 744 secum,
902 663 983 747 quia
1003 664 1150 730 necdum
1179 683 1278 731 uerse
1306 673 1388 729 sunt
1416 663 1451 728 in

217 801 411 849 sermonem
428 779 586 858 latinum,
604 799 669 847 nec
685 777 720 844 id
738 778 876 866 uacauit
893 800 954 864 per
965 777 1074 844 otium
1090 779 1228 847 efficere
1240 798 1321 844 cum
1336 777 1453 848 molel

216 895 484 982 occupationum
502 895 603 962 ualde
615 915 821 980 premamur:
840 894 902 961 sed
918 915 983 960 suo
999 905 1154 979 tempore
1170 895 1213 960 ad
1232 915 1296 960 uos
1313 893 1451 963 mitten·

217 1023 289 1091 tur,
307 1020 342 1080 et
358 1011 447 1077 forte
466 1013 505 1078 P.
524 1008 714 1096 Quintinus
731 1011 742 1043 ⁸
760 1029 878 1078 secum
894 1009 1039 1078 deferet.

287 1125 521 1194 Intelleximus
537 1127 630 1210 quod
645 1123 766 1192 scribis
782 1126 826 1194 de
842 1125 981 1191 domino
997 1123 1202 1191 cancellario
1220 1125 1377 1193 Pictauia
1392 1126 1450 1191 ‘et

216 1243 264 1310 de
279 1242 420 1336 reginae
435 1239 699 1319 existimatione,
719 1240 806 1307 forte
822 1239 897 1308 aliis
913 1261 956 1306 ex
972 1240 1099 1321 causis,
1121 1262 1223 1324 quarn
1244 1263 1326 1326 prae
1346 1263 1384 1308 se
1406 1242 1452 1308 fe·

219 1368 287 1438 rat,
310 1367 478 1444 concepta
498 1359 524 1422 ⁵.
546 1357 743 1440 Vtcumque
763 1355 821 1436 sit,
844 1355 984 1422 minime
1008 1355 1208 1423 dubitamus
1231 1356 1314 1442 quin
1336 1355 1454 1424 diuina

221 1472 442 1559 prouidentia
453 1471 607 1540 suauiter
619 1471 777 1558 disponet
789 1472 917 1552 omnia,
930 1483 966 1539 et
979 1473 1072 1557 quod
1083 1493 1148 1539 suo
1164 1473 1241 1539 loco
1253 1484 1288 1541 et
1302 1483 1455 1559 tempore

223 1610 332 1656 vnum
349 1600 385 1655 et
405 1589 502 1674 pluru
519 1587 621 1656 etiam
644 1587 791 1672 collegia
808 1599 820 1628 ⁶
835 1587 905 1654 sint
926 1587 961 1654 in
982 1587 1133 1656 inferiori
1149 1589 1337 1657 Germania
1357 1589 1454 1656 insti-

221 1705 364 1783 tuenda,
387 1714 422 1771 et
439 1713 521 1769 tunc
533 1701 728 1789 intelligent
740 1705 832 1787 quod
844 1724 913 1768 non
926 1702 971 1770 sit
986 1703 1031 1770 de
1048 1714 1161 1770 mente
1178 1702 1455 1790 Societatisope-

223 1820 333 1888 rarios
348 1819 490 1886 idoneos
505 1818 586 1884 inde
602 1839 793 1898 remouere,
811 1819 873 1886 sed
889 1819 1003 1906 potius
1019 1841 1137 1888 eorum
1153 1836 1334 1889 numerum
1348 1841 1454 1906 auge·

225 1959 276 2004 re.
295 1933 433 2003 interim
450 1926 533 2003 vero
550 1935 692 2000 Romam
708 1933 907 2016 mittantur,
925 1934 984 2019 qui
1004 1937 1095 2002 bona
1115 1936 1230 2002 indole
1251 1958 1291 2003 ac
1315 1937 1454 2003 dotibus

227 2062 374 2120 naturae
388 2062 423 2116 et
439 2049 572 2137 gratiae
584 2049 871 2117 conuenientibus
884 2049 1030 2136 praediti
1042 2060 1136 2132 sunt;
1148 2051 1286 2118 dabitur
1298 2051 1389 2119 enim
1405 2052 1455 2119 eis

228 2166 453 2234 commoditas
473 2164 509 2232 in
536 2163 657 2251 spiriru
678 2185 718 2231 ac
746 2163 867 2232 litteris
885 2179 921 2232 et
941 2165 1121 2251 prudentia
1142 2166 1356 2252 proficiendi,
1379 2169 1454 2236 Deo

224 2284 385 2350 iuuante.

292 2402 387 2467 Bene
403 2407 517 2464 actum
530 2406 584 2464 est
599 2418 619 2462 a
636 2398 678 2465 R.
698 2397 757 2475 V.,
775 2397 867 2482 quod
879 2417 940 2462 eos
955 2395 1128 2477 significet
1141 2399 1184 2464 de
1200 2396 1372 2466 Societate
1385 2419 1453 2464 non

222 2537 313 2594 esse,
332 2534 421 2599 quos
431 2513 587 2599 jesuytas
603 2522 728 2578 vocant
741 2510 766 2576 ⁸.
785 2513 829 2578 Et
849 2533 917 2598 ego
937 2513 981 2578 de
1001 2535 1042 2579 ea
1061 2527 1097 2580 et
1116 2512 1191 2580 aliis
1213 2513 1330 2580 multis
1351 2516 1454 2581 rebus

222 2629 385 2697 admonui
403 2631 540 2696 Rmum.
559 2627 719 2728 nuntium
734 2627 971 2714 apostolicum,
993 2628 1289 2715 archiepiscopum
1309 2651 1454 2696 consen·
1485 2689 1487 2703 ‚

278 2793 293 2834 b
330 2789 419 2844 molle
433 2806 488 2845 ms.
527 2801 576 2832 -ο
595 2787 720 2858 collegia
731 2787 859 2857 collegia
871 2803 927 2846 ms.

278 2944 289 2975 ³
327 2939 489 3014 Quintinus
500 2941 645 2998 Charlart.

277 3035 289 3066 ⁴
325 3029 475 3088 Gulielmo
488 3030 525 3086 de
539 3029 682 3101 Pictavia‚
696 3029 872 3086 cancellario
884 3027 1039 3100 leodiensi,
1057 3031 1105 3085 cui
1121 3031 1335 3104 Ferdinaudus‚
1349 3033 1454 3088 Rorna-

223 3137 330 3178 norum
344 3137 406 3185 rex,
420 3118 641 3175 commendarat
655 3126 687 3173 ut
700 3117 852 3188 negotium
866 3117 1048 3174 lovaniensis
1060 3120 1179 3190 collegii
1190 3120 1364 3177 instituendi
1377 3119 1459 3193 apud'

221 3211 356 3280 reginam
380 3207 510 3279 Mariam,
533 3206 687 3262 Flandriae
703 3207 956 3279 gubernatricem,
973 3215 1102 3278 urgeret.
1126 3209 1306 3281 Ponticus,
1327 3209 1455 3280 Cicron„
1561 3246 1567 3253 .
1600 3202 1605 3223 ⁸

222 3299 278 3370 Ν,
292 3299 355 3354 280.

277 3390 289 3423 ⁸
325 3385 537 3459 «Significabat
548 3395 648 3442 autem
661 3383 740 3440 idem
753 3383 971 3457 [cancellarius]
983 3403 1127 3458 quaenam
1141 3387 1191 3442 illa
1204 3399 1316 3460 essent,
1329 3406 1405 3462 quae
1425 3390 1455 3444 in

220 3478 374 3534 Societate
386 3476 578 3549 displicerent
595 3475 625 3529 in
645 3473 731 3546 Aula;
750 3475 875 3529 alterum
894 3483 967 3547 erat,
986 3475 1063 3547 quod
1083 3491 1206 3547 magnae
1224 3477 1454 3549 exspectationis

221 3568 344 3638 ingenia
360 3567 498 3638 virosque
516 3563 650 3620 inferiori
668 3557 846 3619 Germaniae
863 3563 952 3619 utiles
969 3558 1083 3620 iu'turos
1102 3565 1139 3620 ad
1160 3576 1300 3622 externas
1321 3568 1455 3623 nationes

221 3657 387 3726 mitterent3
400 3655 526 3710 alterum
540 3661 603 3708 erat
614 3651 704 3726 quod,
718 3652 893 3708 inconsultis
911 3661 942 3708 et
959 3652 1061 3708 invitis
1079 3656 1262 3727 parentibus,
1277 3655 1307 3712 in
1326 3657 1455 3712 Societa-

220 3755 283 3802 tem
296 3744 487 3800 admitterent
498 3741 575 3796 iilios
589 3750 619 3796 et
633 3739 690 3796 alio
703 3741 948 3798 transmitterent.
963 3740 1038 3798 Cum
1052 3742 1085 3797 P.
1102 3743 1249 3800 Adrianus
1258 3746 1331 3799 haec
1341 3745 1455 3800 intelle·

221 3836 329 3903 nisset,
342 3831 522 3906 significavit
535 3830 631 3886 eidem
646 3831 684 3885 D.
699 3829 850 3886 Pictaviae
864 3847 916 3902 per
930 3831 1054 3904 litteras,
1068 3831 1099 3886 P.
1111 3833 1258 3902 Ignatium
1269 3834 1305 3888 ad
1316 3835 1382 3890 illas
1392 3851 1455 3906 pro-

221 3922 337 3979 vincias
356 3919 503 3992 juvandas
520 3919 607 3974 valde
626 3935 803 3991 propensum
821 3935 900 3990 esse,
917 3929 948 3975 et
964 3920 1155 3976 remissurum
1174 3939 1241 3977 esse
1257 3923 1288 3978 in
1306 3923 1454 3996 Belgium,

219 4029 296 4086 quos
309 4010 379 4067 inde
391 4009 479 4065 educi
492 4007 646 4078 uoluisset,
658 4009 682 4062 si
693 4006 803 4063 ibidem
814 4009 958 4064 haberent
969 4011 1019 4064 ubi
1029 4011 1178 4066 alerentur
1188 4020 1219 4066 et
1229 4012 1392 4068 ministeria
1402 4012 1454 4068 So·

219 4101 340 4157 cietatis
354 4105 539 4171 exercerent3
554 4097 633 4170 quod
646 4098 710 4152 sine
723 4097 857 4168 collegiis
870 4096 934 4153 lieri
948 4116 1006 4154 non
1020 4108 1144 4171 poterat3
1162 4099 1270 4156 deinde
1288 4119 1388 4157 curam
1406 4105 1454 4157 ha·

221 4191 286 4248 beri
301 4199 333 4246 nt
347 4197 486 4262 parentes
498 4190 641 4244 certiores
653 4187 726 4242 fiant
738 4187 776 4241 de
789 4205 909 4243 suornm
922 4189 1101 4245 admissione
1114 4208 1182 4246 cum
1195 4209 1263 4262 spes
1277 4201 1358 4247 esset
1376 4193 1454 4265 quod

220 4279 392 4352 impedituri
406 4295 464 4333 non
478 4285 580 4333 essent
593 4277 648 4332 Dei
663 4277 878 4332 vocationem.»
892 4277 1074 4350 Possucus
1089 4279 1214 4348 Chron„
1224 4281 1274 4349 IV,
1286 4281 1340 4336 280
1350 4291 1380 4336 et
1391 4282 1453 4340 281.

221 4369 299 4426 Vide
313 4373 420 4439 locum,
436 4367 488 4424 ubi
502 4369 592 4422 multa
608 4376 758 4438 praeterea
776 4365 924 4422 adduntur
941 4368 978 4423 de
996 4369 1147 4425 Ludovico
1167 4371 1275 4438 Blosio„
1295 4371 1455 4429 Societatis

219 4459 436 4530 amantissimo,
448 4457 545 4530 deque
559 4455 658 4526 Vigilo
673 4473 728 4511 van
741 4457 904 4527 Zwichem,
918 4456 969 4529 qui
983 4459 1164 4514 nostratibus
1177 4459 1400 4521 adversabatur.

275 4553 286 4586 ⁸
323 4548 469 4620 «ipsemet
482 4563 601 4618 praeses
615 4544 731 4615 Viglius
745 4554 776 4600 et
793 4545 843 4601 alii
861 4546 1001 4603 dicebant
1018 4549 1116 4604 omnia
1131 4547 1251 4620 jesuitis
1269 4567 1337 4606 esse
1355 4552 1452 4624 plena,

219 4657 289 4696 curn
305 4637 359 4708 illi,
373 4635 424 4711 qui
442 4635 492 4708 pie
510 4634 663 4704 vivebant,
679 4634 812 4704 Jesuitae
826 4645 1032 4695 vocarentur».
1051 4637 1237 4708 ΡοιΔΝουε,
1258 4637 1383 4707 claron„
1401 4641 1453 4713 lv,

223 4729 288 4788 282.
