3567 5409
1325 18 1751 174 Ἦ·

409 472 462 541 482
768 472 991 528 monuissem
1014 472 1193 530 loomim

424 626 505 715 ¹Del
522 624 618 691 ridur
631 626 676 694 de
692 638 815 709 quatro
830 626 932 692 classi
949 649 969 693 a
986 636 1049 705 tre,
1070 627 1234 713 pottendo
1250 625 1407 696 satisfare
1419 627 1475 693 alli
1491 628 1599 693 scola·

374 740 414 821 ri,
433 742 534 809 eben
552 743 656 809 fatto..
686 795 689 802 .

440 856 509 923 Alli
525 856 648 924 fratelli
665 859 768 924 Mtro.
789 856 973 926 Arnoldob
995 858 1007 889 ⁴
1028 867 1063 924 et
1084 854 1261 924 Giouanni
1285 856 1438 924 Antonio
1458 858 1503 925 de
1524 860 1596 924 Au·

371 972 479 1058 gobio
495 973 539 1039 N.
560 974 600 1039 P.
619 973 771 1043 concede
786 972 925 1039 licentia
940 973 984 1041 de
1000 971 1052 1038 dir
1067 972 1088 1036 l'
1105 972 1212 1038 offitio
1230 993 1332 1039 nouo.
1353 973 1451 1051 Delia
1472 973 1595 1039 faculti

371 1089 414 1155 de
429 1109 532 1155 cauar
548 1089 606 1153 un'
622 1088 736 1153 anima
752 1109 819 1154 con
834 1087 918 1174 ogni
937 1108 1048 1156 messa
1064 1108 1133 1155 non
1147 1088 1165 1154 ὲ
1179 1099 1298 1175 tempo
1313 1089 1357 1153 de
1373 1089 1484 1174 parlar
1500 1086 1570 1157 cosi
1584 1099 1596 1129 ⁶

370 1215 487 1289 presto
503 1226 524 1269 a
540 1205 582 1270 N.
606 1207 660 1284 Ρ.,
678 1225 749 1269 non
767 1204 914 1272 essendo
930 1224 1056 1270 ancora
1071 1204 1145 1269 loro
1162 1202 1344 1271 sacerdoti.

437 1318 525 1387 Delli
543 1319 697 1387 tudeschi
715 1322 780 1390 che
797 1340 960 1407 uengano
983 1340 1043 1405 per
1063 1320 1088 1385 ii
1106 1318 1254 1406 collegio
1274 1318 1473 1406 germanico
1493 1321 1594 1387 haue·

369 1434 477 1501 riamo
493 1436 624 1501 hauuto
639 1456 720 1501 earo
736 1437 801 1503 che
817 1436 860 1501 V.
881 1438 922 1502 R.
942 1437 1079 1501 hauessi
1096 1434 1216 1502 scritto
1232 1435 1287 1503 dei
1301 1456 1445 1503 numero
1456 1447 1492 1501 et
1503 1436 1594 1500 aleu-

369 1573 413 1620 ne
428 1550 514 1617 altre
530 1549 787 1631 circunstantie,
806 1552 931 1637 perche
948 1554 968 1618 ἑ
985 1572 1065 1618 cosa
1081 1553 1145 1617 che
1161 1549 1193 1618 ci
1210 1562 1322 1617 tocca.

434 1668 487 1734 De
498 1665 604 1754 Juli0‚
623 1666 796 1751 quondam
808 1664 827 1761 ‚d
842 1668 983 1747 hebreo,
1001 1678 1036 1732 et
1053 1665 1154 1753 dopoi
1171 1667 1256 1733 fatto
1269 1665 1467 1747 christiano,
1481 1669 1528 1733 ho
1545 1690 1592 1735 re·

366 1782 468 1851 serito
488 1805 507 1848 a
531 1785 633 1851 Mtro.
658 1782 852 1885 Aiesandro
870 1764 885 1817 '⁵
907 1780 1022 1868 q'uello
1043 1783 1071 1848 si
1090 1780 1251 1851 scn'ueua
1272 1783 1315 1849 de
1336 1782 1396 1861 lui,
1420 1792 1545 1881 etknon
1559 1781 1590 1848 lo

365 1900 478 1975 crede,
498 1912 594 1985 parte
611 1919 670 1985 per
686 1900 719 1965 la
735 1879 956 1967 commisione
972 1902 1036 1965 che
1052 1902 1097 1965 ha
1113 1901 1157 1967 de
1173 1897 1233 1979 lui,
1257 1909 1354 1986 parte
1377 1898 1505 1984 perche
1526 1894 1588 1986 [ha]

365 2016 497 2081 hauuto
525 2014 646 2083 lettere
670 2035 757 2100 poco
782 2025 899 2100 tempo
923 2015 956 2080 fa
979 2016 1022 2081 de
1046 2014 1106 2095 lui,
1133 2015 1198 2081 alle
1221 2001 1314 2098 q'uali
1339 2015 1412 2082 fece
1438 2026 1590 2099 resposta

364 2141 485 2214 questa
502 2129 685 2198 settimana
701 2140 849 2217 passata;
868 2152 924 2196 ma
939 2129 1016 2198 dice
1032 2130 1099 2196 che
1115 2128 1225 2216 potria
1245 2130 1312 2198 ben
1334 2117 1426 2197 esser
1448 2128 1590 2214 qualche

363 2244 502 2312 artifitio
518 2268 578 2331 per
594 2266 699 2313 cauar
715 2244 836 2312 danari
852 2245 909 2311 alli
925 2245 1056 2313 hebrei.

430 2362 473 2428 Di
490 2384 558 2446 qua
573 2362 697 2429 stiamo
712 2364 802 2429 bene
817 2381 879 2447 per
898 2363 923 2426 l'
946 2361 1018 2428 Idio
1039 2360 1162 2447 gratia,
1185 2371 1220 2428 et
1241 2359 1272 2426 ci
1289 2344 1584 2453 'raccomandiamo

362 2477 418 2541 all’
436 2477 581 2544 orationi
597 2478 641 2543 de
651 2477 750 2563 tutti.
990 2471 991 2474 ’

428 2593 488 2661 Sia
499 2596 584 2683 Jesii
599 2594 665 2661 X.⁰
681 2593 716 2659 in
733 2593 826 2660 aiuto
843 2606 877 2663 et
896 2594 992 2660 fauor
1010 2576 1141 2661 nostro}
1160 2593 1284 2659 Amen.

427 2709 480 2776 De
497 2711 604 2775 Roma
625 2726 663 2791 17
679 2710 722 2775 de
740 2710 856 2776 Marzo
878 2724 974 2793 1554.

427 2798 624 2909 insciiptio.
644 2826 676 2891 A
695 2824 849 2892 Venetia.
868 2825 914 2892 Al
932 2826 971 2891 P.
994 2826 1096 2891 Mtro.
1116 2824 1255 2891 Cesare.

386 3015 390 3020 ⁴
427 2940 498 3024 Qui
514 2941 641 3005 mando
657 2940 690 3005 la
705 2940 824 3006 lettera
841 2942 907 3008 che
924 2942 1025 3007 Mtro.
1044 2937 1161 3006 Giulio
1177 2937 1301 3005 scrisse
1317 2961 1337 3005 a
1364 2942 1464 3007 Mtr0.
1485 2938 1581 3005 Ales-

359 3058 497 3135 sandro,
512 3075 571 3141 per
585 3057 616 3120 la
628 3057 728 3140 quale
741 3053 769 3121 si
783 3054 921 3142 giudica
935 3055 1013 3138 quel
1026 3075 1161 3121 rumore
1175 3074 1245 3120 non
1257 3076 1370 3123 essere
1386 3065 1475 3121 stato
1490 3076 1579 3122 vero.

358 3172 400 3237 V.
420 3174 460 3238 R.
479 3173 511 3239 la
528 3171 625 3257 potio
644 3184 789 3237 mostrar
805 3171 837 3235 al
855 3172 954 3237 Rmo.
975 3168 1178 3255 monsignor
1195 3181 1326 3235 nostro.

427 3290 621 3373 Inscriptio.
646 3290 731 3353 Para
745 3286 902 3367 Venetia.
924 3264 1139 3373 Postseritio.

411 3521 425 3563 b
462 3517 613 3573 Hernolde
626 3536 682 3578 ms.
719 3503 769 3560 -'.c
789 3518 880 3571 acosi
895 3534 950 3573 ms.
988 3518 1038 3557 -d
1057 3514 1181 3571 condam
1198 3532 1252 3571 ms.

358 3653 519 3662 0-——-—-
532 3655 556 3659 ..-

409 3740 420 3771 ⁴
458 3733 766 3790 ArnoldusConchus.

408 3827 419 3859 ⁵
457 3822 627 3880 Alexander
639 3821 676 3876 de
691 3819 893 3877 Francischis?
926 3858 927 3863 κ
