3567 5409
401 469 461 525 '138
784 472 989 527 Mouuueurr
1014 472 1193 529 luutrmua

371 644 458 709 quos
474 626 542 690 huc
559 624 695 691 mittere
715 625 758 690 de
780 624 907 691 nostris
922 623 1043 691 statuit
1065 626 1106 691 R.
1125 625 1184 705 V.,
1203 634 1264 690 aut
1279 645 1433 693 seorsum
1451 637 1490 691 ut
1505 625 1607 693 uide-

371 739 480 805 bitur.

368 842 374 903 .'
438 858 669 924 Instrumenta
694 860 786 943 Mag.
812 856 905 925 Petri
928 856 1037 941 Syluii
1057 856 1129 942 (qui
1154 856 1275 923 melius
1300 857 1402 941 ualet)
1425 867 1461 923 ct
1490 856 1608 923 fratris

368 973 518 1039 Gerardi
548 975 559 1006 ³
591 974 706 1040 denuo
737 972 922 1040 mittuntur
953 965 1131 1059 recognita
1159 995 1180 1039 a
1211 972 1368 1051 notariis,
1406 972 1606 1057 dequibus

372 1086 583 1155 mentionem
602 1089 755 1156 fecerant
770 1086 904 1158 litterae
916 1100 1065 1157 uestrae.
1196 1066 1201 1073 .

438 1204 589 1272 Litterae
616 1203 732 1272 fratris
759 1204 934 1271 Francisci
962 1204 1142 1272 Hemeruli
1167 1204 1349 1273 uideantur
1376 1204 1483 1291 priuS,
1513 1216 1549 1273 et
1573 1204 1609 1270 si

371 1310 414 1385 Τ.
433 1321 474 1386 R.
494 1318 698 1387 indicauerit
708 1320 870 1405 expedire
888 1332 926 1386 ut
937 1322 1074 1400 dentur,
1090 1331 1177 1389 esto:
1191 1321 1244 1387 sin
1261 1320 1386 1399 minuS,
1406 1342 1450 1386 ne
1462 1322 1605 1400 dentur,

370 1436 431 1502 sed
447 1436 673 1503 admoneatur
688 1437 793 1505 frater
810 1438 903 1522 quod
919 1439 946 1503 F
948 1438 1123 1503 ranciscus
1139 1448 1192 1505 est
1209 1436 1376 1517 Viennae,
1396 1450 1430 1503 et
1446 1436 1604 1504 debitum

371 1550 509 1635 reliquit
527 1552 667 1619 Romae.
687 1552 725 1621 Si
742 1552 922 1637 pecuniam
938 1551 1083 1631 dederit,
1107 1554 1150 1620 V.
1171 1555 1211 1619 R.
1232 1551 1526 1619 transmittendam
1543 1572 1606 1617 cu·

367 1677 425 1733 ret
442 1668 483 1732 ad
502 1688 579 1749 nos,
599 1678 638 1733 ut
653 1668 881 1734 creditoribus
899 1670 1065 1734 soluatur.

439 1784 497 1849 Ad
513 1786 651 1851 Mtrum.
671 1783 861 1851 Adrianum
879 1783 1071 1850 Candidum
1089 1784 1166 1849 misi
1182 1784 1314 1851 litteras
1331 1784 1460 1861 matriS,
1479 1795 1514 1852 et
1537 1785 1603 1850 ad·

371 1897 491 1963 monui
508 1898 551 1966 de
569 1898 725 1983 pecunia,
746 1910 782 1962 ut
800 1898 933 1964 uideret
945 1920 989 1965 an
1006 1898 1171 1966 Venetiae
1184 1898 1288 1965 uellet
1304 1920 1380 1966 eam
1394 1896 1482 1963 mitti
1500 1898 1556 1965 uel
1568 1898 1604 1963 in

373 2011 476 2079 aliam
495 2013 683 2082 ciuitatem.
702 2015 862 2080 Nondum
881 2035 1081 2100 responsum
1099 2014 1229 2099 accepi.

441 2129 521 2197 Uidi
538 2129 680 2209 litterae,
699 2148 784 2213 quas
800 2130 844 2196 V.
865 2130 905 2195 R.
924 2130 1044 2195 scribit
1060 2132 1162 2197 Mtro.
1181 2129 1323 2196 Nicolao
1339 2130 1510 2197 Gaudano
1527 2131 1552 2209 ⁸,
1571 2142 1612 2195 et

376 2256 414 2310 ut
431 2243 557 2330 colligo
574 2266 616 2312 ex
629 2244 781 2313 eiusdem
795 2245 928 2327 litteriS,
943 2266 1047 2331 super
1058 2246 1212 2313 dolorem
1227 2246 1408 2313 uulnerum
1422 2244 1496 2313 eius
1508 2245 1605 2311 addi·

357 2363 499 2429 ·derunt
521 2363 546 2429 ³.
570 2360 633 2429 Uir
656 2360 712 2428 ille
733 2363 776 2428 ad
797 2362 1031 2429 melancoliam
1053 2372 1106 2427 eet
1127 2382 1331 2447 propensus,
1354 2375 1389 2429 et
1411 2360 1608 2428 huiusmodi

373 2489 505 2561 augent
522 2476 597 2555 eius
612 2476 796 2543 tristitiam.
820 2477 964 2545 Videtur
976 2476 1078 2544 etiam
1093 2480 1137 2547 V.
1152 2480 1191 2543 R.
1208 2477 1330 2563 spiritu
1346 2476 1435 2544 tristi
1447 2478 1606 2555 affectuS,

372 2595 467 2659 etad
486 2592 800 2679 pusillanimitatem
821 2592 1017 2659 declinante
1033 2594 1171 2678 quando
1192 2592 1250 2657 illa
1270 2592 1401 2659 scribit.
1427 2592 1607 2659 Admoneo

376 2709 465 2775 utin
483 2719 657 2795 posterum
673 2729 752 2775 cum
769 2708 828 2775 illo
845 2708 880 2774 id
892 2730 961 2775 non
977 2725 1071 2795 agat,
1091 2729 1169 2775 nam
1180 2709 1225 2775 ad
1242 2731 1304 2775 nos
1319 2708 1469 2775 scribere
1483 2708 1610 2775 tolera-

377 2822 482 2889 bilius
498 2838 563 2902 est,
582 2844 669 2908 quos
685 2846 745 2911 per
761 2822 826 2891 Dei
843 2823 989 2909 gratiam
1007 2823 1093 2890 nihil
1110 2824 1335 2909 perturbabit.

443 2941 531 3007 Vale
547 2940 583 3005 in
600 2942 677 3021 X.⁰,
697 2941 799 3007 Pater
820 2939 878 3022 mi,
896 2953 930 3006 et
947 2940 1036 3005 scias
1057 2939 1172 3008 ualere
1188 2950 1324 3008 uestros
1343 2950 1378 3009 et
1394 2960 1515 3007 omnes
1531 2960 1614 3020 ηοε,

379 3067 514 3141 praeter
534 3058 627 3140 Mag.
648 3059 790 3121 Petrum
806 3054 977 3140 Syluium,
995 3054 1054 3139 qui
1072 3065 1198 3135 tamen,
1216 3066 1252 3123 ut
1267 3055 1350 3136 dixi,
1366 3055 1478 3124 lenius
1493 3056 1615 3123 habet.

450 3173 578 3238 Romae
595 3190 614 3237 2
631 3171 687 3238 die
699 3170 853 3261 Januarii
874 3186 970 3255 1554.

446 3288 628 3355 Coloniam
650 3288 764 3355 mittat
788 3290 832 3356 V.
856 3288 897 3355 R.
921 3290 983 3356 has
1007 3288 1149 3357 litteras.
1174 3287 1266 3381 Quia
1283 3288 1476 3375 exemplum
1492 3290 1616 3354 harum

378 3403 570 3470 litterarum
590 3426 670 3471 cum
691 3405 845 3489 proximo
869 3402 992 3470 nuntio
1014 3405 1194 3470 missarum
1216 3404 1321 3471 etiam
1346 3403 1512 3472 Coloniae
1535 3403 1614 3469 usui

378 3540 455 3588 eese
471 3518 607 3604 poterit,
625 3541 667 3586 eo
684 3519 892 3586 transmittet
910 3520 953 3586 V.
970 3522 1011 3587 R.
1031 3519 1224 3587 Indicarum
1236 3531 1272 3587 et
1287 3518 1424 3607 collegii
1437 3516 1612 3604 germani·

379 3634 412 3701 ci
435 3636 590 3719 exempla
613 3656 655 3702 eo
679 3635 862 3731 mittuntur
885 3635 921 3700 in
943 3638 1010 3703 hoc
1033 3634 1211 3715 fasciculo,
1237 3635 1298 3703 sed
1322 3656 1391 3700 non
1417 3634 1617 3719 quadrime-

379 3750 515 3831 strium3
535 3750 627 3819 unde
651 3750 931 3837 quadrimestres,
945 3772 1025 3818 cum
1039 3751 1141 3818 isthic
1153 3754 1325 3839 perlectae
1342 3750 1482 3831 fuerint,
1503 3763 1614 3817 trans-

380 3866 561 3933 mittentur
577 3866 771 3948 Coloniam,
791 3868 846 3937 uel
863 3880 957 3936 certe
973 3890 1093 3937 eorum
1109 3870 1276 3955 exempla.

447 3982 646 4069 Inscriptio.
668 3986 734 4052 Per
751 3982 919 4051 Louanio.
942 3986 1008 4049 Per
1024 3986 1128 4050 Mtr0.
1148 3982 1315 4051 Adriano.

433 4145 445 4175 ³
482 4142 660 4199 Theudorici
673 4142 809 4200 Gerardi.
824 4144 1008 4215 Potattcus,
1025 4142 1155 4214 Chrou„
1167 4144 1219 4216 111,
1234 4159 1261 4214 7.

435 4236 446 4266 ⁴
486 4232 562 4286 Vide
576 4231 732 4304 epistolam
744 4233 939 4305 superiorem.

435 4322 446 4355 ³
486 4322 537 4377 Ps.
554 4321 686 4389 LXVlll,
702 4335 748 4391 27.
