3567 5409
798 424 1005 479 Mororum
1025 422 1202 477 lounrmun

952 594 1058 676 44⁰6

635 718 972 808 PATR1JOANN1
997 718 1134 785 BTAE.
1167 718 1370 787 mvouo
1416 702 1421 714 “

797 846 885 890 norm
906 832 940 887 28
959 845 1080 889 arants
1101 846 1170 903 1554
1191 838 1210 889 ⁸.

851 960 897 1013 De
911 958 1003 1015 Petro
1015 960 1154 1014 Britone.

458 1107 530 1172 Pax
546 1104 626 1192 xpi.

458 1222 652 1288 Habbiamo
668 1220 825 1287 riceuuto
841 1221 954 1307 quelle
969 1220 1004 1287 di
1026 1240 1077 1302 10,
1095 1220 1129 1287 di
1146 1222 1190 1288 V.
1212 1222 1252 1287 R.
1271 1222 1314 1287 Et
1330 1234 1458 1307 quanto
1473 1242 1492 1287 a
1507 1222 1597 1288 utro.

392 1338 509 1405 Pietro
530 1336 684 1404 Brittone
706 1338 750 1403 V.
769 1338 811 1402 R.
836 1336 961 1403 uederi
981 1334 1015 1402 di
1036 1336 1234 1403 trattcnerlo
1255 1357 1353 1404 come
1374 1334 1496 1418 meglio
1514 1336 1599 1421 potri

392 1448 491 1520 insin'
506 1454 536 1521 al
549 1454 756 1523 Scttembte.
777 1455 868 1520 Pure
880 1452 1018 1539 quando
1030 1473 1100 1518 non
1116 1452 1145 1519 si
1161 1452 1259 1538 potri
1276 1456 1359 1535 lare,
1378 1454 1422 1517 V.
1441 1454 1480 1519 R.
1496 1452 1602 1519 ciaui-

392 1571 434 1649 si,
452 1569 561 1638 chesi
583 1570 784 1655 monadem,
802 1568 887 1635 etin
905 1570 1020 1653 quello
1036 1580 1151 1654 tempo
1171 1568 1199 1635 si
1221 1569 1383 1636 mandent
1403 1569 1502 1653 quell'
1523 1568 1602 1633 altro

395 1686 540 1767 fratello,
554 1689 618 1753 che
629 1685 659 1751 si
671 1687 717 1751 ha
731 1684 829 1751 detto
844 1685 922 1753 aV.
939 1686 994 1765 R.;
1012 1694 1047 1751 et
1061 1684 1097 1749 in
1113 1695 1236 1769 questo
1252 1706 1369 1753 mezzo
1385 1684 1413 1751 si
1430 1684 1520 1771 putri
1533 1706 1603 1769 pro-

395 1823 534 1869 mouere
549 1803 581 1867 al
596 1800 800 1881 sacerdotio,
819 1800 915 1868 accio
932 1799 1062 1885 uenghi
1079 1800 1166 1867 costi
1185 1802 1270 1867 fatto
1285 1801 1475 1880 sacerdote,
1491 1812 1552 1867 etc.

463 1915 507 1984 Di
522 1918 630 1984 Roma
647 1917 688 1982 28
705 1917 749 1982 de
765 1915 884 2002 Aprile
906 1932 1002 1999 1554.

462 2035 660 2118 Inscriptio.
681 2033 808 2100 Padoa.
828 2034 860 2098 A
879 2034 981 2099 Mtro.
1001 2034 1158 2099 Tauono.

724 2346 864 2411 PATRI
889 2221 1091 2413 CA4E4827R1
1116 2346 1297 2415 HELMIO

805 2472 893 2516 nour
917 2461 951 2515 28
971 2472 1092 2516 tranis
1107 2474 1175 2531 1554
1196 2462 1215 2517 ¹.

441 2589 484 2641 De
497 2587 779 2657 apponatis-De
793 2586 968 2658 naufragrh
980 2586 1208 2658 quodam-De
1220 2588 1308 2643 sociis
1320 2589 1433 2643 venetis
1445 2588 1575 2643 Aruoido

834 2681 861 2730 et
868 2676 992 2750 joanna
1007 2676 1184 2745 Bonifacio.

468 2824 540 2887 Pax
556 2822 697 2891 Christi.

466 2938 688 3005 Riceuemmo
707 2939 821 3023 quelle
841 2940 884 3005 de
907 2956 945 3005 21
970 2938 1004 3004 di
1026 2950 1162 3024 questo,
1181 2940 1224 3007 Et
1246 2952 1376 3024 quanto
1395 2938 1451 3005 all'
1473 2938 1616 3005 instanza

398 3057 463 3122 che
479 3053 507 3120 si
522 3054 556 3119 ia
567 3075 587 3119 a
600 3053 799 3139 monsignor
815 3055 826 3088 ⁸
844 3054 941 3122 accio
960 3055 1067 3140 paghi
1084 3054 1107 3119 li
1130 3066 1155 3121 v
1180 3072 1234 3139 53,
1253 3057 1298 3123 V.
1318 3057 1359 3121 R.
1378 3055 1427 3141 gli
1443 3053 1517 3121 dini
1529 3074 1617 3121 come

400 3168 423 3235 il
441 3172 540 3236 Rmo.
559 3168 710 3236 cardinal
726 3172 769 3235 de
786 3170 892 3237 Bellai
909 3172 921 3205 ⁸
939 3172 983 3237 ha
1000 3170 1120 3237 scritto
1136 3192 1237 3256 sopra
1252 3170 1307 3238 cio
1330 3173 1361 3238 al
1378 3169 1496 3257 signor
1513 3171 1618 3237 amba·

399 3285 545 3352 sciatore
561 3287 604 3353 de
626 3285 769 3352 Francia
784 3308 948 3372 appresso
964 3298 1095 3355 cotesta
1112 3288 1217 3355 Illma.
1239 3286 1342 3367 ssia..
1361 3297 1396 3355 et
1413 3286 1504 3353 forse
1519 3286 1618 3352 anche

400 3424 420 3467 a
438 3403 532 3469 detta
548 3400 635 3470 Sria.
659 3423 757 3467 come
777 3402 911 3469 decano
931 3402 1024 3488 degli
1046 3402 1224 3487 protettori
1245 3403 1302 3473 del
1322 3400 1471 3489 collegio
1493 3422 1619 3489 germa-

402 3517 492 3584 nico.
511 3518 551 3587 Si
568 3520 632 3585 che
647 3517 819 3585 crediamo
834 3519 962 3585 haueni
985 3520 1119 3587 hastato
1135 3530 1257 3604 questa
1273 3518 1444 3606 diligenza
1465 3540 1485 3585 a
1507 3538 1621 3585 cauare

404 3634 447 3699 de
464 3633 601 3699 fastidio
617 3633 828 3720 monsignor.
847 3636 891 3699 Et
907 3634 1045 3719 quando
1061 3655 1146 3720 pure
1162 3637 1312 3701 anchora
1330 3634 1378 3721 gli
1398 3634 1619 3709 insistessem,

459 3883 465 3912 ¹
505 3878 549 3933 Ex
559 3878 662 3933 codice
677 3877 795 3950 Καμεὶ.
810 3878 853 3941 II,
866 3878 917 3935 iol.
932 3876 998 3947 96v.

459 4034 466 4065 ¹
506 4032 548 4085 Ex
562 4030 664 4087 codice
680 4032 798 4104 Regest.
813 4032 854 4099 II,
866 4030 917 4089 iol.
931 4044 991 4100 971.

456 4124 467 4154 ²
506 4120 641 4176 Andreas
652 4121 860 4192 Lippomanus.
875 4120 932 4175 Hic
944 4120 1104 4189 urgebatur
1115 4137 1262 4192 expensas
1274 4122 1403 4188 solvere,
1415 4136 1490 4192 quas
1500 4118 1627 4174 Veneriis

405 4209 571 4265 scholastici
595 4207 741 4280 fecerant,
762 4210 812 4282 qui
836 4210 952 4265 Vienna
974 4210 1097 4265 Romam
1119 4210 1155 4265 ad
1180 4208 1339 4279 collegium
1362 4209 1564 4280 germanicum
1587 4224 1628 4263 ve·

405 4309 523 4354 nerunt.

459 4390 470 4421 ³
507 4390 636 4460 Joannes
650 4388 789 4460 Bellajus.
806 4390 936 4460 Legatus
949 4406 1020 4444 vero
1033 4389 1113 4459 regis
1126 4390 1241 4445 Galliae
1254 4388 1331 4461 apud
1345 4397 1469 4445 venetos
1482 4396 1546 4443 erat
1560 4380 1628 4443 «Lu-

405 4479 546 4535 dovensis
564 4480 729 4546 Antiates»,
748 4480 983 4549 Maonocrnus
1004 4480 1147 4535 Historia
1168 4482 1286 4546 venda,
1304 4478 1356 4537 lib.
1372 4476 1436 4549 vll,
1455 4494 1532 4533 anno
1553 4491 1626 4548 1554.

406 4570 504 4639 Quem
521 4568 640 4640 quidem
657 4569 820 4624 antistitem
839 4570 988 4640 legatione
1006 4570 1095 4624 etiam
1113 4568 1196 4639 iungi
1213 4568 1291 4640 opud
1308 4569 1468 4623 Herculem
1483 4566 1630 4623 Esteusem

406 4658 494 4713 tradit
508 4657 689 4730 Potuucus¹
707 4658 830 4727 Cicron„
844 4660 898 4728 lV,
912 4671 957 4727 72.
972 4658 1042 4730 Ejus
1055 4667 1154 4713 autem
1167 4674 1275 4714 nomen
1288 4656 1463 4713 Dominlcus
1472 4654 1513 4711 du
1526 4655 1629 4713 Gabra.
