3567 5409
435 445 490 515 586
816 444 1024 501 Mouuueura
1044 444 1221 501 donanim

397 638 403 655 ·
469 597 683 666 Chariseimo
699 598 733 663 in
746 600 829 686 Jesd
846 597 912 667 X.⁰
930 599 1074 677 fratello,
1095 599 1194 666 llltro⁸
1214 600 1241 664 F
1245 618 1418 665 rancesco.

470 715 597 799 Quello
616 714 684 781 che
706 714 742 777 fu
763 712 911 799 risposto
932 735 952 780 a
968 726 1082 781 vostre
1099 714 1218 783 lettere
1241 714 1275 779 lo
1290 726 1429 780 auerete
1444 712 1541 782 inleso
1554 734 1603 781 ee·

399 830 513 899 sendo
531 830 565 895 in
582 828 718 916 Napoli.
736 829 863 895 Nostro
883 830 993 897 Padre
1008 829 1164 897 desidera
1185 828 1270 916 ogni
1286 838 1401 895 vostra
1424 829 1604 895 consolatio·

404 967 448 1014 ne
461 944 647 1032 spirituale.
664 946 708 1010 Et
720 945 844 1029 perche
862 944 976 1029 quella
992 946 1137 1015 sarebbe
1148 964 1262 1013 essere
1276 944 1327 1011 ira
1343 943 1366 1010 li
1384 944 1498 1011 fratelli
1506 955 1539 1013 et
1551 948 1605 1012 Pa·

403 1060 456 1127 dri
477 1057 583 1126 vostri
603 1058 784 1145 spirituali,
814 1060 848 1124 vi
869 1069 1083 1147 permetteua
1103 1071 1174 1126 star
1194 1059 1230 1126 in
1251 1058 1386 1146 Napoli,
1408 1081 1446 1126 se
1465 1060 1606 1127 uvosua

404 1173 707 1262 indispositionel'
727 1174 865 1243 hauesei
887 1176 1054 1243 tollerat0.
1080 1178 1137 1243 Ma
1156 1174 1365 1261 giudicando
1386 1176 1409 1240 li
1432 1174 1541 1243 medici
1556 1176 1603 1241 ch¹

406 1291 441 1357 in
458 1290 539 1377 ogni
558 1291 661 1357 modo
675 1291 710 1355 vi
724 1290 930 1358 conuenessi
943 1312 1003 1376 per
1019 1290 1187 1357 risanarui
1204 1292 1224 1356 l'
1241 1312 1320 1358 area
1332 1290 1460 1371 natiuo,
1478 1290 1502 1357 si
1515 1292 1531 1357 ὲ
1542 1312 1607 1377 pos·

401 1420 508 1493 posta
528 1407 559 1473 la
582 1405 816 1475 consolatione
838 1428 860 1473 a
882 1407 915 1474 la
940 1406 1060 1473 vtilitd.
1088 1410 1144 1475 Ma
1168 1418 1282 1475 tenete
1304 1418 1412 1487 certo,
1436 1406 1606 1473 chariuim

408 1524 555 1605 fratello,
573 1525 650 1603 che,
669 1535 895 1608 quantunque
911 1521 996 1591 siate
1011 1534 1169 1609 separato
1184 1524 1228 1590 da
1244 1522 1301 1589 noi
1316 1524 1370 1589 col
1384 1543 1498 1608 corpo,
1518 1521 1606 1613 {liele

407 1636 644 1706 intim'amente
660 1638 755 1705 vnito
769 1640 824 1706 col
840 1638 978 1707 vinculo
993 1639 1037 1707 de
1053 1638 1233 1707 lacharita
1253 1640 1308 1706 del
1324 1649 1427 1706 canto
1448 1649 1560 1718 nostro,
1581 1648 1607 1705 et

408 1752 525 1833 etiarn,
543 1774 641 1821 corne
656 1753 690 1821 io
706 1774 826 1839 penso,
844 1754 900 1822 del
918 1765 1044 1823 vostro,
1062 1756 1104 1821 Et
1120 1776 1187 1821 non
1200 1757 1387 1821 solamente
1400 1754 1436 1819 ui
1452 1754 1607 1841 persuade
1677 1754 1681 1763 '

410 1881 445 1937 te
461 1889 575 1937 essere
591 1868 688 1937 vnito
702 1890 768 1937 con
785 1881 909 1956 questo
923 1870 1074 1951 vinculo,
1092 1893 1147 1937 rna
1158 1869 1261 1937 etiam
1277 1892 1341 1936 con
1355 1872 1469 1955 quello
1481 1870 1531 1939 del
1541 1870 1609 1937 obe·

410 1984 540 2053 dientia
555 1997 666 2065 santa,
684 1986 785 2070 quale
801 1984 872 2073 liga
889 1996 977 2055 tutte
992 1997 1007 2027 ⁸
1022 1986 1054 2052 le
1070 1987 1221 2055 membra
1236 1986 1325 2053 della
1346 1984 1550 2071 Compagnia
1565 2006 1610 2049 no

281 2094 290 2103 “
411 2112 483 2166 stra
500 2099 535 2165 in
550 2121 622 2167 vno
637 2120 744 2187 corpo
758 2100 947 2190 spirituale,
968 2102 1023 2169 nel
1036 2102 1136 2186 quale
1152 2097 1261 2189 slilete
1277 2098 1491 2187 incorporato
1504 2100 1581 2165 douc
1590 2099 1610 2165 si
1719 2133 1720 2142 κ

412 2214 532 2301 uoglia
547 2217 614 2283 che
630 2217 742 2283 stiate.
762 2218 806 2283 Et
821 2216 894 2284 cosi
913 2239 974 2303 per
988 2216 1182 2285 obedientia
1198 2226 1338 2302 pensate
1355 2238 1433 2282 usar
1450 2214 1526 2282 tutti
1543 2214 1563 2281 li
1579 2214 1611 2279 ri·

412 2330 517 2397 medii
532 2344 566 2397 et
579 2332 664 2399 aiuti
680 2331 873 2402 medicinali
889 2336 955 2401 che
971 2333 1004 2398 vi
1021 2354 1169 2401 seranno
1192 2331 1354 2417 proposti,
1377 2344 1412 2399 et
1432 2342 1518 2397 tutta
1533 2331 1561 2395 la
1573 2352 1612 2398 re·

413 2446 587 2514 creatione
607 2449 770 2527 honesta,
792 2447 894 2514 etiam
917 2448 1110 2534 corporale,
1140 2448 1204 2515 che
1228 2447 1261 2514 vi
1288 2444 1394 2513 sariab
1421 2444 1612 2531 consigliattq

415 2564 543 2647 perche
560 2573 655 2628 tanto
672 2562 729 2647 piu
745 2575 861 2648 presto
880 2585 945 2630 con
965 2565 986 2629 l'
1005 2563 1099 2629 aiuto
1120 2562 1238 2631 diuino
1253 2574 1364 2631 sarete
1381 2564 1454 2628 fora
1469 2564 1511 2627 de
1531 2561 1561 2625 la
1576 2561 1614 2625 in-

412 2677 539 2745 firmita
556 2692 670 2745 vostra
686 2700 745 2764 per
760 2678 857 2745 darui
875 2691 966 2745 tutto
982 2681 1014 2745 al
1030 2680 1147 2746 diuino
1164 2678 1318 2747 seruitio.
1343 2680 1385 2745 Et
1406 2700 1474 2744 non
1496 2688 1614 2763 pensate

354 2830 359 2837 ·
415 2795 467 2861 sia
484 2814 569 2880 poco
586 2796 732 2881 negocio
747 2798 924 2863 attendere
941 2818 961 2863 a
978 2796 1162 2881 ric'uperar'
1180 2796 1212 2861 la
1227 2794 1351 2874 sanita,
1375 2815 1444 2862 non
1460 2794 1492 2860 la
1507 2793 1619 2861 deside·
1721 2803 1723 2866 J

417 2910 526 2975 raudo
542 2932 602 2996 per
618 2912 704 2977 altro
719 2912 800 2992 fine,
818 2914 883 2979 che
898 2911 954 2978 del
970 2910 1088 2978 diuino
1105 2910 1246 2978 seruitio
1262 2922 1296 2978 et
1317 2909 1468 2979 secondo
1486 2909 1509 2975 il
1524 2907 1621 2975 diuino

419 3026 646 3113 beneplacito.
677 3029 706 3093 E
726 3050 791 3115 pur
811 3028 1004 3096 necessaria
1026 3030 1130 3095 molta
1152 3027 1382 3113 resignatione
1410 3028 1622 3113 (quantunque
1687 3112 1689 3120 γ

421 3141 531 3209 usiate
548 3143 628 3208 tutti
643 3141 666 3208 li
682 3143 794 3238 mezzi.
813 3143 1051 3230 raggioneuoli
1075 3164 1134 3229 per
1150 3146 1281 3227 sanare)
1300 3164 1358 3229 per
1373 3140 1583 3209 contentarui
1594 3142 1623 3207 de

421 3269 512 3325 tutto
529 3272 658 3344 quanto
674 3259 855 3345 disponerd
872 3260 968 3327 Iddio
984 3262 1029 3327 N.
1047 3260 1085 3328 S.
1103 3260 1146 3325 de
1163 3260 1195 3326 la
1218 3280 1362 3345 persona
1378 3270 1504 3339 vostra;
1526 3268 1560 3323 et
1578 3258 1624 3323 che

421 3375 459 3441 in
484 3386 580 3440 tanto
605 3377 669 3443 che
686 3374 720 3439 ui
738 3374 838 3442 uisita
862 3396 926 3441 cun
952 3374 1126 3455 infirmita,
1151 3377 1172 3440 l’
1197 3384 1366 3444 accettate
1387 3370 1421 3439 di
1445 3394 1546 3439 mano
1568 3394 1624 3451 sua,

422 3512 521 3558 corne
536 3492 628 3557 dono
645 3492 750 3556 molto
762 3489 911 3578 pretioso
923 3491 967 3559 de
984 3491 1088 3577 padre
1105 3503 1140 3559 et
1156 3489 1288 3557 medico
1302 3488 1453 3576 piissimo
1464 3500 1500 3555 et
1512 3488 1625 3573 sapien·

424 3605 567 3685 tissimo‚
592 3605 824 3673 risoluendoui
840 3606 872 3673 al
889 3619 979 3673 tutto
999 3628 1064 3673 con
1082 3608 1103 3672 l'
1124 3606 1236 3674 anima
1257 3618 1292 3671 et
1311 3625 1428 3691 corpo,
1452 3605 1507 3671 nel
1528 3604 1627 3669 sareet

421 3719 480 3789 nel
497 3722 619 3808 patira,
636 3721 671 3787 di
688 3742 802 3791 essere
817 3733 980 3788 contento
997 3724 1044 3789 de
1060 3732 1190 3805 quanto
1206 3720 1342 3807 piacerd
1363 3720 1429 3787 alla
1448 3740 1512 3786 sua
1531 3716 1628 3785 diuina

424 3836 654 3923 prouidentia.
684 3839 726 3904 Et
750 3836 929 3904 scriueteei
958 3838 1106 3922 qualche
1134 3838 1238 3915 uolta‚
1268 3837 1296 3902 si
1324 3838 1390 3902 ben
1413 3835 1464 3902 sia
1486 3836 1588 3901 molto
1606 3832 1627 3899 in

425 3954 544 4022 breue.

493 4070 550 4137 Me
565 4068 657 4136 disse
678 4070 779 4136 Mtrd.
806 4067 973 4155 Pompilio
990 4072 1054 4139 che
1077 4071 1097 4135 l'
1123 4080 1268 4137 avevate
1282 4079 1297 4109 ⁰
1317 4067 1516 4133 dimandato
1536 4064 1628 4131 alcuni

427 4182 503 4249 libri
520 4184 699 4269 spirituali.
718 4185 761 4265 Et
777 4186 934 4278 stabene
950 4187 1014 4253 che
1030 4162 1176 4270 qualche
1194 4184 1284 4250 uolta
1301 4180 1455 4269 leggiate
1470 4166 1491 4246 o
1509 4178 1629 4255 facciale

400 4322 403 4327 ·
427 4300 570 4386 leggere
588 4322 633 4365 vn
649 4276 741 4385 poco
758 4322 817 4386 per
833 4300 1014 4368 refertione
1031 4313 1066 4369 et
1080 4298 1314 4367 consolatione
1330 4296 1364 4365 di
1385 4308 1501 4365 vostro
1521 4293 1628 4382 spirita

428 4438 484 4483 ma
500 4437 569 4481 non
586 4414 711 4483 intrate
728 4426 857 4501 troppo:
873 4415 909 4481 in
930 4415 1084 4496 lettione,
1108 4416 1153 4482 ne
1167 4412 1356 4494 deuotioni,
1378 4410 1537 4479 massime
1555 4430 1629 4479 men·

484 4674 498 4701 ¹
534 4670 613 4717 tutta
626 4681 680 4719 ans.
720 4668 770 4708 —b
789 4665 855 4720 eard
871 4682 928 4719 ms.
972 4680 1019 4709 -c
1038 4666 1184 4719 haueuato
1203 4680 1257 4721 mr.
