3567 5409
421 485 473 549 ⁶54
799 479 1006 534 Mouurrsurs
1027 480 1204 534 lousrrsus

452 636 505 700 De
528 633 643 718 aliquo
667 632 833 701 mittendo
855 633 891 699 in
916 634 1112 700 Hauoniam
1137 634 1180 701 V.
1205 630 1262 712 R.,
1288 632 1316 699 si
1341 631 1498 712 uoluerit,
1522 652 1589 701 cum

385 750 425 814 P.
446 750 633 829 Bernardo,
655 761 690 815 et
712 750 783 815 ΡΡ.
807 747 977 834 Quintino
996 759 1031 815 et
1049 749 1200 815 Antonio
1217 750 1242 828 ⁴,
1265 761 1393 816 etcum
1416 746 1486 814 suis
1504 748 1591 817 etiam

383 866 550 933 conseret.
575 864 720 951 Alligari
741 876 856 929 tamen
878 886 947 933 non
970 864 1154 949 oportebit,
1178 865 1207 931 si
1228 864 1305 949 quis
1320 884 1362 931 eo
1379 862 1536 944 mittetur,
1552 864 1591 931 ita

387 993 513 1048 utnon
536 979 644 1067 possit
663 982 708 1047 ad
729 981 807 1060 alia,
831 1002 920 1065 quae
943 992 1104 1067 poterunt
1120 981 1154 1047 iu
1175 980 1249 1048 dies
1269 1000 1449 1047 occurrere
1475 978 1592 1045 maioris

385 1096 561 1175 momenti,
579 1096 746 1165 reuocari.

452 1215 548 1297 Mag.
569 1214 693 1279 Petrus
707 1212 837 1279 Siluius
858 1194 1025 1298 singulari
1046 1211 1112 1279 Dei
1127 1212 1217 1278 dono
1238 1211 1281 1277 ad
1296 1212 1422 1276 bonam
1439 1223 1473 1277 et
1491 1232 1593 1277 sanam

385 1340 535 1396 mentem
559 1339 612 1395 est
633 1328 808 1406 reductus,
839 1328 897 1412 qui
922 1328 964 1393 ad
988 1340 1162 1413 stuporem
1178 1338 1212 1392 et
1231 1326 1413 1395 amentiam
1438 1326 1592 1410 quandam

384 1444 585 1510 deuenerat:
604 1442 808 1513 benedictus
823 1428 931 1511 Deus.

451 1544 505 1627 De
521 1560 625 1626 Ratre
641 1571 758 1625 nostro
774 1557 881 1645 Spiga
898 1562 923 1641 ⁸,
941 1559 1054 1639 sardo,
1070 1560 1113 1626 V.
1134 1560 1176 1627 R.
1193 1569 1322 1625 statuat
1344 1560 1437 1643 quod
1456 1556 1490 1622 in
1509 1555 1594 1623 Chri·

385 1688 440 1743 sto
450 1674 612 1761 expedire
623 1674 799 1741 iudicabit.
818 1680 938 1743 Potest
950 1696 1070 1742 secure
1081 1674 1196 1741 dicere
1207 1696 1244 1743 se
1258 1696 1327 1741 non
1344 1694 1420 1742 esse
1436 1673 1478 1741 de
1489 1672 1594 1741 Socie-

386 1803 467 1871 tate‚
487 1793 673 1877 professam
694 1790 930 1878 intelligendo.

453 1911 589 1976 Patrem
619 1907 923 1975 Maximilianum⁸
953 1906 1212 1976 admonebimus
1243 1908 1286 1974 de
1313 1906 1379 1987 his,
1410 1926 1496 1992 quae
1522 1902 1595 1970 scri·

384 2026 434 2092 bit
450 2026 494 2093 V.
515 2027 555 2091 R.

429 2140 541 2207 Patris
561 2140 732 2209 Leonardi
751 2144 761 2173 ¹
782 2138 913 2206 litteras
932 2159 1002 2206 non
1025 2138 1208 2205 uidimusa
1229 2138 1346 2205 multis
1364 2138 1496 2206 diebus.
1516 2134 1592 2205 Ulti-

384 2278 461 2323 mae
494 2273 531 2340 15
555 2255 708 2344 Januarii
736 2255 863 2341 scripte
889 2257 1042 2323 fuerunt.
1071 2255 1116 2323 V.
1139 2256 1178 2321 R.
1203 2254 1234 2321 ei
1255 2252 1449 2321 comunicet
1472 2261 1593 2318 nostras

384 2385 421 2440 et
443 2374 625 2441 admoneat
647 2382 687 2437 ut
710 2371 910 2458 diligentius
934 2371 1024 2438 uiam
1049 2371 1179 2439 litteras
1203 2368 1454 2438 transmittendi
1478 2369 1518 2434 ad
1539 2386 1592 2433 nos

385 2500 520 2573 querat.

420 2661 422 2664 ,
453 2604 539 2672 Vale
551 2604 586 2670 in
604 2603 742 2670 domino
753 2604 850 2691 Jesu,
870 2604 974 2669 Pater
990 2601 1202 2671 charissime.

406 2710 409 2718 ’
451 2722 580 2785 Romae
596 2719 747 2788 calendis
764 2718 846 2804 Maji
867 2734 963 2803 1554.

450 2836 636 2919 Nunquam
663 2835 871 2903 admonuisti
899 2856 974 2915 noa,
1006 2838 1119 2913 Pater,
1142 2836 1186 2901 de
1209 2832 1354 2919 receptis
1374 2830 1508 2917 scriptis
1525 2827 1593 2907 illis,

384 2972 473 3035 quae
494 2962 562 3017 tarn
584 2952 673 3016 serio
693 2951 831 3018 tractari
853 2952 1026 3031 uolueras,
1047 2948 1188 3017 scilicet:
1215 2970 1259 3015 an
1282 2948 1383 3015 liceat
1407 2944 1595 3013 inconsultis

384 3068 440 3133 uel
457 3066 573 3132 invitis
587 3064 603 3105 ‘¹
619 3066 819 3152 parentibus
835 3066 969 3153 ingredi
991 3065 1214 3152 relligionem.

450 3184 649 3267 Inscriptio.
669 3182 835 3251 Louanio.
855 3182 881 3249 ll
895 3186 935 3250 P.
955 3182 1119 3250 Adriano.

452 3297 913 3384 Postscritta.-Antequam
931 3291 1081 3383 reliquae
1092 3298 1224 3363 litterae
1236 3294 1535 3383 obsignare[n]tur,
1547 3311 1595 3357 ac·

383 3413 536 3500 cepimus
552 3434 625 3497 eas,
643 3436 730 3499 quas
746 3433 790 3481 20
806 3413 934 3499 Aprilis
954 3413 1088 3501 scripsit
1110 3415 1150 3480 R.
1174 3414 1218 3482 V.
1243 3414 1286 3479 Et
1306 3412 1398 3498 quod
1419 3410 1537 3477 attinet
1556 3405 1593 3472 ad

383 3533 522 3599 tratrem
538 3532 732 3599 Gerardum
749 3533 775 3611 ⁸,
792 3532 859 3598 iam
876 3552 956 3598 eum
973 3531 1147 3612 admonui,
1165 3542 1200 3598 et
1216 3531 1304 3597 forte
1319 3529 1402 3596 alias
1423 3528 1496 3596 eius
1514 3525 1596 3592 litte·

437 3777 452 3816 d
489 3772 609 3828 inuictis
622 3791 677 3831 ms.

436 4004 448 4031 ⁴
485 3998 688 4052 Recensentur
700 3994 748 4053 hic
766 3996 869 4051 Patres
886 3994 1053 4050 Bernardus
1070 3992 1232 4065 oliverius,
1249 3990 1409 4061 Quintilius
1426 3993 1553 4050 Charlsrt
1569 3998 1596 4046 st

383 4086 532 4143 Antonlus
545 4088 714 4142 Boucletus.

436 4181 448 4211 ⁵
485 4177 574 4233 Petro
584 4175 685 4248 Spigs.

435 4270 447 4301 ⁶
483 4266 714 4321 Maximilianum
736 4264 900 4337 Capellam,
922 4262 1104 4331 flandricurn,
1126 4262 1177 4337 qui
1197 4264 1258 4333 jam
1281 4260 1393 4334 pridem
1416 4262 1447 4317 in
1468 4258 1596 4333 Hispania

383 4358 566 4413 versabatur.

436 4451 446 4481 ⁷
484 4444 624 4517 Kasselii,
637 4442 699 4517 qui,
712 4461 780 4499 cum
793 4442 887 4516 pestis
905 4441 1045 4499 Coloniae
1061 4448 1256 4511 grassaretur,
1274 4439 1437 4497 Lovsuium
1454 4454 1594 4496 ‹sorreesss⁴

381 4543 437 4593 rat.
452 4536 498 4589 De
510 4532 694 4589 'theodorico
706 4532 827 4589 Canisto
839 4530 976 4587 videatur
994 4531 1176 4603 Possucus,
1193 4528 1319 4599 chron„
1334 4528 1385 4601 IV,
1401 4528 1464 4603 273,
1483 4529 1533 4585 ubi
1545 4544 1594 4583 nr·

292 4613 298 4619 ’
382 4624 479 4679 simae
489 4622 621 4695 ejusdem
634 4622 737 4679 laudes
748 4621 948 4678 consuantur.

436 4717 448 4748 ⁸
484 4711 650 4769 &maun
663 4712 839 4768 Brassicam.
