3567 5409
517 469 624 528 Errsr.
647 467 1065 542 4085.-20Jnrtom1554
1199 455 1204 466 ’
1324 471 1378 528 art

178 633 212 692 et
231 623 412 694 Giouanni
435 628 589 697 Antonio
606 625 803 716 napolitano
820 625 867 692 nri
888 624 1026 694 rimetto
1045 647 1067 692 a
1081 627 1197 711 quello
1213 627 1279 696 che
1294 626 1354 713 gii
1376 628 1412 692 iu

179 739 301 808 scritto
316 742 362 810 de
377 744 543 812 mendatii
559 746 582 810 l'
600 763 671 812 uno
686 765 707 810 a
722 741 839 822 Siena,
857 742 881 807 l'
899 743 988 808 altro
1002 763 1023 808 a
1038 742 1211 811 Pirenzel'
1260 747 1265 766 ¹

246 859 298 926 Le
309 856 432 928 lettere
443 860 486 927 de
498 857 676 928 Giouanni
690 857 845 930 Antonio
856 877 920 944 per
932 856 955 923 ii
971 879 1035 924 suo
1047 857 1153 945 padre
1166 868 1203 925 et
1215 861 1318 926 Mtro.
1334 858 1412 927 Sal·

170 993 300 1041 ·meron
317 987 492 1043 mostrano
506 977 596 1046 bene
611 975 644 1042 la
659 973 827 1062 sapientia
843 985 879 1040 et
896 973 1093 1060 tranquiliti
1108 975 1144 1041 d'
1162 974 1277 1042 animo
1299 973 1354 1042 ch'
1377 974 1412 1040 in

179 1089 226 1155 lui
251 1089 283 1158 si
299 1103 412 1171 troua;
435 1113 506 1158 non
522 1113 609 1160 sono
632 1111 697 1180 pur
712 1092 805 1160 bone
821 1111 880 1176 per
897 1089 1070 1157 mandarsi
1085 1090 1177 1157 achi
1194 1101 1323 1158 nanno,
1347 1093 1413 1159 Del

179 1217 275 1273 resto
288 1219 420 1291 quanto
432 1229 453 1274 a
465 1207 573 1274 lassar
585 1205 818 1273 communicer
830 1205 935 1291 quelli
947 1208 1014 1274 che
1025 1227 1098 1272 non
1108 1218 1210 1274 steno
1220 1205 1307 1273 saldi
1324 1207 1413 1274 nella

180 1341 243 1388 sua
260 1321 457 1406 notatione,
482 1333 580 1392 certo
596 1322 615 1391 ὲ
634 1323 700 1391 che
721 1343 790 1388 non
805 1321 990 1402 conuiene,
1008 1324 1053 1390 ne
1069 1343 1193 1390 manco
1212 1321 1409 1402 absoluat,

180 1435 343 1506 messime
359 1437 520 1505 hauendo
535 1449 629 1518 voto,
648 1437 772 1523 perche
788 1439 995 1506 starebbeno
1009 1437 1046 1503 in
1062 1437 1130 1504 mal
1146 1449 1237 1504 stato
1253 1458 1323 1504 non
1346 1439 1412 1503 ha-

182 1553 299 1620 uendo
315 1553 430 1621 animo
445 1553 481 1621 di
496 1556 661 1623 seruarlo.

247 1669 380 1737 Nostro
399 1671 508 1738 Padre
525 1670 666 1740 haueria
682 1693 703 1738 a
718 1691 800 1739 caro
814 1673 879 1738 che
896 1672 1007 1738 Mons.
1028 1669 1052 1736 il
1072 1669 1187 1756 priore
1210 1671 1222 1704 ³
1243 1669 1370 1737 dicessi
1388 1668 1412 1734 il

181 1805 326 1852 nurnero
337 1785 426 1852 della
440 1797 547 1873 gente
562 1787 626 1854 che
644 1787 810 1867 uuole‚·et
826 1807 897 1854 non
912 1785 964 1853 sia
979 1784 1038 1872 piri
1053 1785 1088 1853 di
1104 1787 1218 1872 quella
1231 1787 1298 1854 che
1309 1785 1411 1852 uorri

181 1911 376 1970 sostentare
391 1923 456 1968 con
473 1901 680 1970 commoditi
697 1903 753 1971 del
770 1901 858 1968 uitto
877 1913 913 1968 et
930 1901 1068 1972 uestito.
1087 1903 1125 1968 ln
1148 1912 1272 1987 questo
1295 1922 1412 1968 mezzo

182 2016 227 2082 V.
245 2017 304 2098 R„
321 2039 360 2086 se
375 2018 520 2086 manche
535 2015 559 2083 il
575 2017 781 2098 necessario,
799 2015 828 2084 si
844 2017 970 2103 puotri
980 2016 1108 2084 aiuttar
1119 2017 1210 2086 delle
1220 2016 1411 2094 elimosine,

180 2146 215 2198 et
237 2135 349 2200 anche
370 2145 493 2219 questo
511 2133 635 2204 istesso
655 2154 725 2201 non
746 2134 835 2202 seria
855 2135 947 2202 forsa
969 2132 1237 2201 inconueniente
1257 2134 1353 2201 dario
1369 2133 1413 2199 ad

182 2248 360 2318 intendere
376 2272 396 2316 a
412 2250 624 2337 monsignor,
642 2271 742 2316 como
758 2251 781 2315 l'
801 2253 846 2317 ha
862 2251 949 2318 fatto
964 2251 1000 2316 in
1018 2252 1135 2317 Padoa
1151 2253 1254 2318 Mtro.
1272 2248 1412 2317 Giouan

184 2366 333 2432 Battista
348 2367 482 2442 Tenon:
498 2368 624 2452 perche
634 2389 655 2434 a
666 2365 755 2452 patir
768 2365 854 2434 tanti
865 2365 1016 2452 dessagi,
1031 2365 1131 2452 pochi
1144 2365 1174 2432 si
1186 2365 1415 2432 trouarebono

182 2481 260 2562 atti,
281 2493 317 2548 et
338 2481 443 2568 quelli
464 2481 660 2569 bisogneria
679 2484 747 2552 che
768 2481 900 2549 sussino
920 2483 1028 2548 molto
1050 2481 1159 2551 elletti
1180 2481 1216 2549 in
1241 2480 1360 2561 bonti,
1377 2491 1414 2549 et

183 2599 328 2667 sarebbe
345 2618 427 2684 pare
442 2597 555 2665 carico
570 2597 615 2667 de
630 2595 841 2666 conscientia
857 2619 878 2664 a
894 2597 1026 2665 meterli
1038 2597 1129 2664 doue
1141 2595 1328 2665 hauessino
1338 2596 1411 2664 cosi

183 2735 204 2778 a
214 2723 401 2795 estentare‚
416 2714 473 2802 git
490 2715 557 2782 che
571 2717 599 2782 s’
615 2715 661 2782 ha
676 2713 840 2800 patientia
852 2733 922 2780 con
938 2713 1042 2800 quelli
1054 2714 1122 2780 che
1133 2712 1165 2780 ci
1177 2725 1304 2780 stanno
1316 2712 1413 2786 ades-

184 2849 236 2900 so.
257 2829 302 2896 Et
322 2828 394 2896 cosi
417 2833 539 2914 puotre
559 2831 603 2896 V.
622 2832 663 2897 R.
682 2849 782 2896 como
798 2830 842 2897 da
862 2830 899 2896 se
921 2827 1132 2915 significatio
1155 2851 1177 2895 a
1196 2827 1410 2914 monsign013

185 2947 301 3030 perch'
316 2945 351 3012 in
362 2947 481 3012 effetto
493 2945 635 3012 mandat
642 2956 695 3012 tre
706 2945 875 3012 sacerdoti
887 2957 923 3012 et
934 2944 1048 3012 lettori
1059 2943 1244 3014 sufficienti
1251 2964 1322 3010 non
1329 2965 1411 3030 pen·

184 3059 282 3128 sosia
292 3081 352 3147 per
364 3060 451 3128 farlo
463 3061 508 3128 N.
524 3063 581 3143 Ρ.,
594 3081 632 3130 se
649 3081 716 3126 non
732 3060 819 3129 uode
830 3060 917 3126 altra
928 3058 1151 3146 dispositione
1164 3061 1220 3126 nei
1232 3059 1410 3145 temporat.

249 3176 314 3242 Del
329 3175 437 3242 andar
450 3175 561 3256 fuora,
577 3177 622 3246 de
637 3174 680 3242 V.
700 3177 757 3256 R„
772 3197 840 3262 qua
856 3174 884 3242 si
898 3197 1006 3261 pensa
1016 3175 1092 3244 seri
1105 3197 1168 3262 per
1180 3173 1317 3262 negocii
1328 3194 1412 3240 oon·

186 3291 351 3372 uenienti,
367 3315 389 3358 o
405 3309 466 3378 per
476 3313 587 3378 opere
603 3291 670 3379 pie,
688 3314 710 3358 o
725 3313 785 3378 per
799 3293 947 3359 honesta
964 3303 1000 3359 et
1016 3290 1209 3360 necessaria
1226 3289 1410 3358 recreatio-

186 3427 241 3488 ne;
261 3419 298 3474 et
316 3417 407 3476 tutte
427 3419 550 3492 queste
570 3429 675 3476 cause
695 3407 817 3494 petino
836 3407 1060 3474 conuenienti
1083 3429 1144 3493 per
1167 3406 1275 3472 ander
1299 3405 1408 3474 fuora.

102 3589 107 3598 ,
173 3521 284 3598 -Cirea
302 3521 325 3588 li
346 3521 545 3609 particulari
567 3523 600 3590 la
620 3521 843 3592 discrettione
862 3521 1059 3608 insegnari,
1082 3521 1226 3589 aiuttata
1249 3522 1293 3587 da
1313 3520 1410 3586 lddio

186 3639 229 3704 N.
247 3639 284 3710 S.
303 3639 328 3731 ἢ.

190 3803 195 3828 .
228 3815 231 3822 .
250 3755 328 3822 Non
344 3756 444 3835 altro,
461 3775 499 3840 se
516 3775 584 3820 non
601 3757 656 3820 ch'
675 3755 740 3824 alle
756 3753 903 3820 orationi
922 3753 967 3822 de
983 3754 1027 3821 V.
1046 3755 1088 3821 R.
1111 3754 1218 3821 molto
1237 3752 1268 3820 ei
1292 3773 1410 3820 racco-

183 3869 390 3952 mediano,
407 3880 442 3939 et
458 3891 623 3956 pregamo
634 3871 717 3958 Jeso
734 3871 800 3938 X.⁰
816 3869 868 3938 sia
884 3868 919 3936 in
935 3869 1032 3936 aiuto
1042 3880 1078 3940 et
1090 3870 1190 3937 fauor
1201 3879 1319 3936 nostro
1329 3888 1411 3936 con-

186 3985 409 4056 tinoamente.

249 4103 302 4169 De
318 4103 426 4169 Roma
443 4119 486 4169 20
501 4103 538 4168 di
552 4103 693 4172 Genaro
710 4117 807 4186 1554.

249 4216 321 4303 Qui
336 4218 462 4285 mando
477 4238 525 4285 un
542 4215 731 4286 Direttorio
747 4238 806 4303 per
823 4217 865 4284 V.
886 4219 942 4296 R„
961 4217 1089 4303 perche
1106 4216 1222 4301 quello
1234 4215 1302 4283 del'
1325 4215 1410 4281 altra

185 4332 364 4400 settimana
378 4355 438 4402 era
453 4353 513 4420 per
530 4333 660 4400 Padoa.
1053 4365 1057 4373 ·

190 4437 193 4462 ¹
249 4449 445 4548 Inscriptio.
455 4449 498 4516 Ἀ
515 4447 672 4551 Venetia.
690 4445 737 4516 At
750 4447 791 4518 Ρ.
810 4447 952 4516 Cesare.
989 4505 993 4513 ,

190 4561 384 4574 -—-—-

234 4611 246 4644 ⁸
282 4607 418 4665 Andreas
430 4607 643 4681 Lippomenus.
737 4618 751 4632 ’·
849 4614 860 4630 ’·
941 4596 968 4654 ³·
1008 4614 1012 4621 ’

234 4701 246 4732 ⁴
282 4697 420 4754 Heinsius
432 4697 559 4768 collegio
572 4706 682 4752 veneto
695 4705 840 4768 praeerat.
