3567 5409
800 490 1007 546 Mortuum-m
1027 490 1204 547 leuantem

619 770 798 837 MARIAE
822 646 1104 838 FRASggffitE
1128 770 1219 837 DEL
1240 770 1391 839 GESSO

801 896 890 940 noun
916 882 948 939 13
967 897 1075 939 nanrrr
1101 897 1169 955 1554
1191 888 1210 941 ¹.

392 1037 437 1089 De
448 1036 581 1091 subsidio
598 1038 639 1091 ad
655 1038 772 1092 sodales
790 1054 934 1091 romanos
950 1040 1117 1109 opportuna
1135 1038 1225 1092 misso
1234 1041 1358 1111 gratias
1373 1040 1488 1111 agit-
1498 1037 1633 1109 Optima

426 1126 721 1184 documenta—Non
734 1128 801 1181 vult
810 1128 954 1199 Ignatius
968 1132 1000 1181 ut
1015 1120 1200 1183 Pelletom'us
1210 1129 1307 1183 nimio
1316 1128 1418 1184 labore
1431 1132 1596 1185 oneretur.

460 1280 569 1347 Molto
585 1280 769 1366 magnifica
785 1280 852 1345 mia
868 1277 1008 1366 signora
1025 1282 1080 1348 nel
1101 1280 1227 1366 Signor
1243 1294 1372 1349 nostro.

382 1479 386 1487 Ι
460 1396 510 1462 La
526 1416 657 1461 somma
672 1394 783 1483 gratia
799 1408 865 1463 etc.

459 1509 500 1577 Li
514 1510 551 1577 di
568 1510 695 1597 passati
716 1513 763 1577 ho
779 1512 866 1577 fatto
881 1512 1029 1597 risposta
1044 1512 1110 1579 alle
1130 1513 1250 1580 lettere
1266 1515 1309 1579 de
1330 1531 1367 1597 15
1385 1515 1427 1580 de
1444 1514 1472 1581 F
1473 1512 1600 1580 ebraio
1618 1514 1629 1545 ¹

392 1626 426 1691 di
444 1628 488 1695 V,
511 1627 614 1695 Sria:
639 1626 743 1713 dopoi
764 1628 810 1691 ho
831 1626 988 1694 riceuuto
1009 1629 1093 1694 altre
1109 1628 1153 1693 de
1174 1628 1212 1693 18
1237 1629 1279 1695 de
1302 1630 1508 1709 Decembre,
1534 1629 1629 1715 quali

393 1763 544 1811 uennero
560 1741 703 1811 insieme
719 1764 784 1809 con
801 1746 926 1813 alcune
943 1764 1035 1821 cose,
1056 1736 1214 1811 mandate
1227 1744 1262 1810 in
1279 1745 1370 1811 dono
1382 1757 1417 1813 et
1434 1740 1629 1813 elemosina

392 1859 435 1923 da
450 1860 491 1925 V.
511 1858 614 1938 Sria,
629 1858 718 1925 anoi
735 1857 931 1941 gratissime
947 1860 1003 1925 nel
1015 1858 1145 1945 Signor
1157 1870 1288 1939 nostro,
1307 1861 1461 1928 uedendo
1478 1860 1515 1926 in
1530 1862 1627 1945 quel·

392 1976 425 2043 le
445 1976 478 2040 la
500 1976 602 2041 molta
622 1976 806 2042 deuotione
827 1985 862 2040 et
882 1973 1017 2041 charita
1037 1977 1101 2056 che
1123 1996 1234 2042 mosse
1255 1976 1510 2043 a²mandarle
1535 1974 1625 2057 Idio,

393 2112 454 2175 per
469 2091 525 2157 cui
541 2112 657 2157 amore
672 2089 702 2155 si
725 2092 759 2157 fa
778 2103 814 2156 et
835 2090 950 2157 riceue
970 2090 1053 2176 ogni
1069 2110 1150 2156 cosa
1171 2092 1260 2158 bene
1274 2090 1442 2171 ordinata,
1466 2092 1546 2158 sarai
1572 2113 1626 2157 re-

395 2220 613 2283 muneratore
639 2205 875 2273 liberalissimo
902 2206 946 2271 de
974 2207 1018 2272 V.
1037 2205 1126 2275 Sria.
1156 2228 1215 2292 per
1239 2206 1309 2285 noi,
1335 2218 1369 2273 et
1393 2206 1473 2271 tutti
1498 2206 1523 2272 li
1548 2206 1625 2274 suoi

393 2322 526 2407 poueri.

403 2486 408 2495 .
459 2439 601 2523 Quanto
621 2439 678 2506 all’
701 2438 815 2504 animo
835 2438 902 2505 che
922 2434 1078 2505 desidera
1100 2439 1143 2506 V.
1162 2436 1250 2506 Sria.
1275 2436 1400 2504 sentire
1421 2436 1480 2523 piri
1502 2448 1624 2523 parato

392 2575 454 2639 per
468 2555 629 2632 la'croce,
648 2554 681 2619 al
696 2574 760 2619 suo
777 2564 892 2639 tempo
906 2554 940 2618 lo
956 2551 1137 2639 disponera
1155 2553 1226 2619 tdio
1243 2554 1288 2621 N.
1308 2554 1359 2631 S.‚
1384 2552 1458 2619 cioe
1480 2552 1622 2638 quando

392 2670 423 2735 la
440 2669 609 2755 pacientia
623 2669 700 2735 sara
717 2668 921 2736 necessaria.
941 2670 985 2733 Et
1000 2668 1034 2733 di
1052 2681 1172 2753 questo
1185 2690 1254 2735 non
1270 2667 1396 2737 accade
1409 2670 1519 2736 hauer
1530 2670 1622 2735 dub·

375 2785 460 2865 bio,
478 2783 600 2870 poiche
617 2785 800 2850 habbiamo
816 2805 992 2870 promessa
1007 2784 1096 2851 della
1112 2805 1175 2851 sua
1183 2796 1306 2879 eterna
1322 2784 1444 2865 verita,
1462 2789 1528 2854 che
1553 2806 1623 2851 non

336 2961 339 2967 .
392 2905 597 2986 permettera
612 2899 678 2967 mai
695 2902 760 2967 che
775 2898 883 2967 siamo
900 2899 1059 2968 tentatio
1076 2899 1271 2987 trauagliati
1293 2901 1350 2987 pin
1366 2900 1401 2966 di
1425 2902 1541 2985 quello
1557 2903 1622 2967 che

390 3015 540 3102 potiamo
556 3029 743 3101 soportare:
763 3015 852 3094 anzi,
870 3014 927 3083 chi
943 3015 1148 3105 risgua[r]da
1161 3016 1193 3082 la
1208 3016 1413 3083 suauissima
1432 3016 1619 3103 prouiden-

392 3130 438 3198 tia
453 3153 528 3212 sua,
542 3132 780 3201 meritamente
794 3130 824 3199 si
838 3132 974 3199 confida
987 3135 1052 3199 che
1067 3131 1090 3197 il
1105 3143 1196 3199 tutto
1208 3132 1333 3199 habbia
1349 3154 1369 3198 a
1384 3152 1571 3219 cooperare
1588 3132 1620 3198 al

392 3249 458 3313 ben
475 3263 553 3327 suo',
568 3249 718 3315 tenendo
733 3259 828 3317 certo
844 3250 909 3316 che
926 3250 957 3315 la
973 3248 1090 3315 diuina
1105 3260 1140 3315 et
1156 3269 1289 3315 somma
1305 3248 1423 3327 bonta,
1440 3250 1504 3313 hor
1517 3248 1619 3316 casti·

391 3362 464 3449 ghi,
483 3366 545 3429 hor
561 3363 734 3432 accarezzi
750 3364 773 3430 li
789 3364 865 3430 suoi
881 3362 1015 3449 figlioli‚
1033 3384 1168 3450 sempre
1184 3365 1331 3449 procede
1347 3384 1411 3431 con
1425 3365 1458 3430 la
1471 3362 1619 3431 medesi·

392 3502 447 3549 ma
461 3481 604 3563 charita,
619 3483 787 3551 cercando
803 3481 826 3547 il
841 3482 915 3547 loro
933 3480 1112 3567 maggiore
1127 3482 1227 3549 bene.
1242 3480 1279 3548 Si
1292 3484 1357 3547 che
1370 3478 1540 3567 possiamo
1553 3482 1620 3548 ben

391 3596 619 3664 sicuramente
634 3598 831 3665 conformat
850 3608 969 3663 nostra
993 3596 1133 3663 uolunta
1155 3617 1221 3690 con
1242 3596 1275 3662 la
1296 3594 1426 3675 diuina,
1450 3594 1619 3665 risoluen·

391 3711 469 3780 doci
484 3712 517 3780 di
534 3714 745 3782 contentarci
762 3734 830 3779 con
846 3724 977 3798 quanto
992 3712 1036 3780 lei
1052 3711 1195 3798 dispone
1208 3712 1243 3777 di
1260 3712 1328 3779 noi:
1347 3724 1382 3780 et
1403 3712 1478 3779 cosi
1497 3734 1567 3779 non
1589 3712 1620 3778 ci

392 3830 551 3897 mancam
572 3831 604 3895 al
625 3841 740 3914 tempo
755 3829 812 3897 del
827 3827 978 3916 bisogno
995 3830 1027 3895 la
1045 3826 1214 3915 pacientia
1231 3850 1291 3914 per
1306 3840 1483 3915 soportare
1505 3828 1529 3894 li
1553 3839 1618 3895 tra-

393 3944 500 4031 uagli,
519 3965 588 4010 non
600 3943 790 4012 solamente
799 3964 903 4010 sanza
917 3942 1199 4024 murmuratione,
1218 3965 1272 4010 ma
1287 3943 1390 4011 etiam
1407 3963 1472 4009 con
1489 3942 1617 4011 actioni

392 4060 426 4126 di
442 4060 566 4146 gratie,
580 4058 852 4145 persuadendoci
867 4080 962 4127 esser
974 4057 1144 4127 beneficio
1157 4059 1200 4125 de
1213 4057 1279 4125 Dio
1292 4060 1336 4126 N.
1351 4060 1390 4128 S.
1406 4068 1502 4124 tanto
1514 4058 1549 4125 lo
1561 4058 1618 4124 ad·

394 4194 506 4257 uerso,
529 4189 658 4261 quanto
678 4175 712 4241 lo
733 4196 911 4261 prospero,
935 4194 1035 4243 come
1054 4176 1074 4241 ὁ
1095 4195 1161 4241 con
1177 4176 1308 4254 cisano,
1327 4173 1362 4240 in
1379 4173 1484 4259 quelii
1501 4172 1617 4241 massi·

392 4312 448 4359 me
463 4293 529 4358 che
544 4293 732 4360 attendeno
746 4291 791 4357 da
809 4312 893 4357 uero
909 4292 941 4357 al
957 4311 1022 4356 suo
1037 4289 1157 4358 diuino
1173 4288 1325 4357 seruitio.

445 4484 459 4512 ²
494 4470 532 4525 ha
544 4488 601 4528 mr.

448 4632 455 4662 ¹
494 4630 538 4683 Ex
551 4629 654 4685 codice
668 4630 788 4703 Rogant.
802 4630 842 4696 tr,
859 4628 910 4687 iol.
924 4628 1148 4699 7tr.-Cartas,
1161 4648 1192 4689 n.
1206 4628 1420 4689 CCCCXLVII
1432 4628 1493 4699 (die
1509 4630 1569 4699 15).1

446 4725 456 4754 ·
495 4717 858 4791 Epist.Mixtoe,1V,63.
