3567 5409
387 474 441 544 4⁰⁸
626 446 632 457 ⁸
763 477 970 534 Monurranra
995 476 1175 533 tantamne

353 626 524 696 desiderio
546 628 620 695 loro
643 631 848 699 basterebbe
873 653 920 696 un
944 641 1071 697 tratato
1094 652 1217 698 manco
1240 640 1369 711 exatt0‚
1395 651 1492 698 como
1514 632 1576 699 loci

354 744 528 810 communi
543 766 646 812 sanza
665 756 786 833 troppo
801 746 941 825 sotilita‚
959 747 1095 813 almeno
1111 768 1172 833 per
1187 745 1209 812 li
1226 746 1349 827 curati;
1372 747 1501 815 benehi
1520 768 1579 833 per

356 858 498 946 leggere
513 858 549 925 in
566 860 703 928 Vienna
719 861 808 928 seria
823 861 969 949 meglior
986 882 1032 929 un
1048 860 1136 929 libro
1151 863 1325 943 absoluto,
1342 872 1378 930 et
1394 860 1468 931 cosi
1485 885 1542 950 per
1551 864 1578 929 l'

355 956 441 1043 altre
458 975 646 1043 vniuersita
665 979 690 1043 ⁸.
710 976 746 1045 Si
763 978 782 1045 ὲ
797 976 919 1045 scritto
935 979 967 1043 al
985 979 1026 1044 P.
1045 978 1224 1046 Salmeron
1241 988 1276 1046 et
1293 980 1402 1045 anche
1418 980 1450 1045 al
1471 977 1579 1047 vicere

355 1090 400 1157 de
415 1090 538 1176 Napoli
554 1094 567 1127 ⁶
585 1092 680 1159 accio
694 1114 807 1181 uenga
820 1094 934 1180 doppo
947 1114 1076 1179 pasqua
1091 1095 1188 1162 detto
1205 1096 1328 1175 Patre,
1347 1106 1381 1162 et
1397 1094 1431 1161 di
1443 1090 1532 1183 [qua]
1543 1116 1581 1162 se

356 1227 401 1273 ne
416 1206 543 1275 anderai
560 1229 579 1273 a
595 1210 755 1289 Genoua,
773 1222 808 1277 et
825 1208 916 1275 forsa
932 1207 1063 1276 aiutard
1080 1211 1126 1279 V.
1145 1211 1187 1277 R.

425 1324 472 1389 Le
489 1344 570 1393 cose
586 1323 642 1391 del
661 1327 701 1391 P.
721 1327 825 1391 Mtro.
844 1324 964 1393 Simon
983 1328 994 1358 ¹
1011 1346 1097 1391 sono
1112 1336 1201 1392 tutte
1217 1327 1323 1392 molto
1338 1328 1427 1393 bene
1439 1336 1581 1392 accetta-

358 1436 382 1502 ti
398 1460 459 1523 per
474 1440 507 1504 la
523 1439 637 1526 gratia
652 1439 686 1505 di
704 1441 810 1507 Iddio.
1304 1532 1307 1539 Δ

422 1552 493 1620 All'
511 1554 657 1622 orationi
672 1554 708 1621 di
725 1558 768 1622 V.
790 1558 828 1622 R.
849 1556 930 1624 tutti
946 1560 1051 1624 molto
1067 1557 1099 1624 ci
1117 1557 1422 1624 raccomandiamo.

423 1674 477 1739 De
492 1672 599 1738 Roma
615 1672 725 1757 primo
742 1674 786 1739 de
804 1672 975 1760 Maggiob
995 1651 1091 1757 1534.

424 1788 621 1872 Inscriptio.
639 1789 684 1855 Al
702 1788 743 1857 P.
757 1790 910 1874 Laynez.
928 1792 961 1855 A
977 1790 1138 1860 Genoua.

993 1962 1027 2038 21

553 2083 692 2148 PATRI
716 1961 1126 2152 CAESAR14H²ELMIO
1154 2086 1213 2151 EX
1238 2084 1390 2151 COMM.

786 2210 872 2252 noan
888 2196 905 2250 3
919 2211 1028 2253 »ωιτη
1046 2211 1113 2267 1554
1129 2200 1148 2257 ¹.

357 2338 539 2410 Lippomnni
549 2342 698 2395 sententia
711 2342 748 2395 de
761 2358 889 2395 numero
899 2343 1051 2395 sociorum
1062 2342 1099 2395 ab
1109 2342 1173 2413 ipso
1191 2342 1321 2397 Venatiis
1331 2348 1359 2397 et
1371 2343 1498 2399 Patavii
1506 2344 1588 2399 alen·

406 2429 515 2482 dorum
529 2430 846 2500 expectatum-Sociis
859 2431 1089 2500 aegrotantibus
1102 2432 1244 2503 ignotius
1256 2432 1429 2501 diligenter
1439 2434 1589 2503 providet.

406 2517 488 2571 -Da
500 2518 616 2572 duobus
627 2519 928 2575 sacerdotibus.-De
942 2520 1100 2575 Societatis
1112 2520 1474 2593 candidata-tollagiis
1487 2522 1590 2578 scribi·

406 2611 458 2661 tur
470 2608 506 2661 de
518 2608 717 2662 admittendis
729 2610 763 2662 in
778 2609 972 2663 Societatem.

350 2786 358 2800 .
425 2744 498 2807 Pax
514 2742 659 2821 Christi,
677 2755 747 2809 ete.

424 2856 659 2925 Riceuessimo
675 2859 788 2943 quelle
803 2862 845 2925 de
864 2878 907 2940 24
922 2860 978 2925 del
997 2872 1132 2945 passato
1148 2862 1191 2927 de
1208 2862 1251 2927 V.
1273 2864 1315 2927 R.

421 2972 523 3042 Circa
540 2974 573 3037 la
589 2974 875 3042 determinatione
889 2976 944 3040 del
961 2996 1117 3053 numero,
1136 2978 1201 3044 che
1217 2977 1419 3061 monsignor
1435 2989 1555 3044 nostro
1574 2980 1587 3011 '

354 3092 455 3155 uorra
482 3102 599 3156 tenere
627 3089 660 3154 in
690 3090 833 3158 Venetia
865 3103 899 3156 et
933 3092 1061 3170 Padoa,
1095 3090 1123 3157 si
1158 3094 1351 3177 haspettara
1382 3112 1481 3161 come
1508 3094 1589 3161 uole

353 3206 389 3271 S.
409 3204 512 3286 Sria.;
530 3226 596 3291 pur
612 3208 655 3272 N.
677 3207 715 3272 Ρ.
733 3228 803 3272 non
820 3208 909 3273 uede
925 3228 1023 3273 come
1041 3208 1150 3292 potria
1167 3207 1217 3273 far
1234 3206 1431 3293 prouisione
1443 3210 1488 3276 de
1500 3228 1586 3295 gen-

355 3333 389 3385 te
406 3322 531 3387 alcuna
547 3343 652 3387 sanza
668 3324 700 3387 la
718 3321 930 3387 resolutione
946 3321 980 3387 di
997 3332 1132 3407 questo.

423 3438 476 3503 De
493 3437 632 3503 Andrea
649 3438 675 3516 ⁸,
694 3449 812 3503 nostro
828 3437 973 3517 fratello,
994 3439 1131 3521 quando
1149 3440 1183 3503 fu
1201 3438 1320 3505 scritto
1337 3462 1397 3525 per
1413 3438 1533 3506 ordine
1549 3440 1587 3504 di

354 3554 399 3619 N.
421 3556 459 3618 P.
480 3552 508 3616 si
526 3554 697 3619 mandassi
714 3574 814 3621 uerso
830 3552 948 3621 Sicilia
968 3574 988 3619 o
1010 3555 1116 3620 Roma
1137 3576 1156 3620 a
1178 3576 1240 3621 sua
1260 3530 1457 3635 deuotione,
1483 3557 1513 3623 s'
1535 3556 1588 3621 in-

355 3670 502 3735 tendeua
516 3690 575 3753 per
589 3669 706 3734 uiuere
720 3669 776 3753 ρίὺ
788 3690 885 3748 sano,
902 3692 969 3735 non
984 3690 1042 3755 per
1060 3670 1156 3737 uenir
1172 3692 1191 3738 a
1209 3671 1311 3737 morir
1326 3672 1361 3737 di
1379 3693 1448 3757 qua
1464 3693 1485 3738 o
1502 3692 1588 3739 uero

356 3786 446 3850 forsa
462 3786 550 3852 nella
567 3785 636 3864 uia,
654 3784 864 3869 giudicando
881 3786 903 3849 li
922 3786 1044 3852 medici
1060 3787 1125 3854 che
1142 3789 1187 3853 tal
1205 3784 1371 3876 uiag[gi]0
1384 3809 1453 3854 non
1466 3786 1587 3855 confe-

356 3900 443 3966 risca
458 3920 520 3985 per
536 3903 568 3966 la
584 3901 695 3969 sanita
711 3923 785 3982 sua;
809 3914 843 3970 et
866 3924 926 3987 per
947 3924 1039 3970 mare
1063 3922 1131 3968 non
1154 3906 1223 3989 pull
1245 3904 1343 3971 uenir
1363 3927 1383 3969 a
1407 3906 1526 3984 Roma,
1549 3924 1589 3969 se

409 4064 424 4104 t>
462 4062 524 4127 Sim
535 4063 605 4117 vide
618 4066 720 4118 tamen
732 4067 839 4133 supra,
853 4069 958 4118 anatot.
976 4076 1002 4140 t.

409 4204 421 4235 ⁸
459 4206 608 4277 Epistulae
622 4219 694 4274 4209
708 4214 738 4259 et
752 4218 832 4273 4210.

409 4296 421 4329 ⁶
459 4294 590 4365 Epistola
602 4309 685 4365 4205.

411 4388 421 4417 ¹
459 4384 535 4439 Vide
549 4386 689 4457 epistolas
702 4399 775 4453 4200
787 4396 818 4440 et
827 4386 911 4456 4206.

411 4521 419 4550 ¹
459 4519 504 4573 Ex
516 4519 618 4574 codice
636 4520 753 4591 Regeot.
768 4518 813 4586 11,
826 4517 878 4573 fol.
891 4516 963 4572 63v.

410 4606 423 4638 ¹
462 4608 596 4663 Andreas
610 4608 821 4680 Lippomanus.

410 4698 423 4729 ³
463 4695 597 4753 Andreas
610 4698 647 4753 de
662 4698 764 4752 Salvo.
