3567 5409
501 497 605 552 Errsr.
626 493 977 565 4217.-28Faenuann
1000 507 1068 565 1554
1306 493 1360 564 403

158 650 201 717 D.
220 650 266 717 V.
287 650 405 717 anae·
423 670 503 716 eum
526 648 729 727 rediturum,
747 647 866 716 nescio
882 660 958 735 qua
973 647 1103 715 ratione
1119 648 1258 728 ductus,
1280 646 1394 713 statim

159 766 234 851 ipso
249 765 285 831 in
301 764 400 831 initio
416 764 528 834 redire
542 785 582 831 se
597 764 688 832 uelle
703 783 785 849 prae
800 785 839 833 se
857 763 947 843 tulit,
970 784 1034 831 nec
1049 785 1087 831 se
1108 784 1210 850 posse
1225 763 1270 832 de
1286 765 1395 831 rebus

157 880 229 947 suis
246 881 428 965 quicquam
440 890 592 949 statuere
607 878 682 949 sine
693 882 738 946 D.
757 881 802 947 V.
818 881 936 947 Rmae.
956 880 1149 959 uoluntate,
1164 902 1185 945 a
1197 896 1265 965 qua
1279 890 1393 948 tamen

156 994 329 1062 neminem
346 996 404 1061 hic
419 1014 636 1062 recessurum
652 995 877 1091 intellexerat.
897 995 1090 1081 Sedtforte²
1109 1006 1148 1062 ut
1168 1016 1285 1063 comes
1302 1011 1394 1064 esset

157 1114 201 1178 D.
218 1111 331 1191 Pauli,
344 1122 502 1191 uenerat,
515 1122 642 1178 etcum
658 1112 781 1178 eodem
795 1109 907 1179 redire
922 1111 1086 1178 inanimo
1099 1110 1233 1177 habuit.
1249 1113 1391 1179 Vtrum·

156 1227 275 1313 quein
291 1228 395 1294 rebus
409 1226 643 1313 spiritualibus
657 1226 778 1295 iuuare
789 1238 823 1293 et
839 1226 875 1292 in
887 1226 962 1293 aliis
978 1226 1186 1308 studuimuS,
1206 1238 1240 1296 et
1255 1226 1394 1313 utrique

157 1343 355 1409 facultatem
371 1340 474 1409 officii
490 1342 572 1409 noui
590 1344 602 1376 ²
617 1339 755 1408 dicendi
770 1341 1019 1429 expediendam
1036 1364 1096 1428 per
1111 1342 1237 1409 summi
1254 1342 1392 1428 pontifi-

156 1458 207 1525 cis
222 1458 438 1545 signaturam
453 1458 664 1525 curauimus.

223 1576 328 1660 Quod
343 1573 467 1643 attinet
483 1576 527 1640 ad
543 1576 742 1643 facultatem
758 1577 805 1644 D.
824 1576 933 1642 Paulo
949 1576 1196 1661 impetrandam
1214 1577 1257 1642 ad
1275 1577 1393 1643 haere·

157 1688 304 1755 ticorum
316 1690 422 1756 libros
433 1691 611 1777 legendos,
625 1702 661 1757 et
677 1690 743 1758 alia
755 1712 844 1775 quae
859 1692 903 1757 ad
915 1691 1027 1777 ipsum
1045 1692 1229 1777 pertinent,
1246 1692 1308 1759 Dr.
1326 1692 1392 1758 Ca·

157 1804 263 1872 nisius
288 1817 408 1872 nostro
433 1806 571 1875 nomine
591 1808 717 1875 referet
737 1808 781 1874 V.
812 1809 860 1873 D.
890 1808 1010 1875 Rmae.
1035 1806 1117 1891 quid
1141 1806 1330 1875 sentiamus
1349 1808 1392 1874 ad

159 1920 225 1989 Dei
239 1921 386 2009 gloriam
401 1934 436 1988 et
451 1920 586 1989 animae
601 1921 711 2007 ipsius
725 1933 761 1989 et
777 1922 921 1990 aliorum
939 1922 1122 1991 utilitatem
1138 1920 1300 2008 expedire
1316 1923 1339 1987 ⁸.

222 2037 407 2122 Reliquum
423 2047 489 2117 est,
508 2050 546 2103 ut
561 2057 641 2103 cum
658 2040 751 2104 omni
767 2038 833 2105 ista
848 2039 951 2105 domo
972 2048 1007 2105 et
1023 2036 1197 2107 Societatc
1212 2036 1388 2116 uniuersa,

159 2153 202 2218 V.
220 2154 263 2218 D.
288 2154 407 2219 Rmae.
431 2150 666 2235 deuotissima,
688 2153 819 2221 sanctis
837 2153 910 2221 suis
931 2152 1144 2219 orationibus
1158 2164 1194 2221 et
1210 2150 1391 2219 sacrificiis

47 2299 49 2304 ·
158 2288 222 2333 nos
236 2288 341 2353 quam
354 2268 533 2335 humilima
549 2270 842 2336 commendemus.

222 2384 344 2450 Valeat
360 2383 393 2448 in
411 2385 476 2451 Χ.ο
493 2386 538 2451 D.
554 2385 597 2452 V.
619 2386 717 2451 Rma.
736 2386 780 2450 ad
793 2384 999 2454 uniuersalis
1011 2385 1177 2452 ecclesiae
1190 2384 1387 2451 utilitatem.

223 2499 351 2567 Romae
367 2520 469 2566 xxvu
490 2499 664 2568 Februarii
680 2522 772 2567 anno
787 2500 925 2567 Domini
944 2504 991 2567 M.
1011 2503 1054 2568 D.
1075 2500 1176 2568 LllII.

224 2616 421 2700 Inscriptio.
434 2614 480 2680 Al
497 2618 594 2683 Rmo.
613 2617 806 2685 labacense.

390 2911 528 2977 PATRI
550 2788 836 2979 Htssnouiiil)
859 2912 1157 2985 DOMENECCO

539 3038 628 3081 aona
649 3024 683 3081 28
703 3038 874 3083 raeauanrr
898 3040 967 3096 1554
988 3029 1009 3088 ¹.

161 3168 345 3224 Litterarum
358 3169 527 3242 exemplum
539 3170 643 3224 mittit.
651 3168 824 3241 -lnopiam
838 3170 960 3243 collegii
969 3172 1095 3226 romani
1107 3170 1273 3243 significat,
1286 3175 1319 3225 at
1335 3170 1393 3224 Do·

207 3276 358 3313 meneccus
370 3259 502 3314 debitam
521 3258 672 3313 Turriani
684 3260 846 3328 pecuniam
860 3258 1151 3314 transmittat-Da
1161 3266 1267 3333 panno
1279 3265 1307 3314 et
1319 3258 1393 3330 fru-

207 3348 404 3405 menta-Da
421 3348 627 3405 Trameaairro.
643 3348 711 3401 -De
728 3344 864 3402 Guttano
876 3350 954 3403 scire
965 3350 1087 3420 aliquid
1099 3347 1329 3406 avet—Nuntii
1341 3349 1392 3403 in·

212 3438 311 3493 diarii.

721 3544 816 3665 Ihirs.

226 3732 298 3795 Pax
317 3728 372 3796 Χ.ἰ

222 3845 291 3912 All'
311 3845 430 3912 ultime
445 3845 480 3911 di
496 3846 538 3911 V.
559 3848 602 3914 R.
619 3847 656 3913 di
676 3866 715 3934 19
731 3846 764 3911 di
786 3848 952 3917 Gennaro
968 3860 1002 3912 et
1019 3848 1104 3913 altre
1127 3844 1323 3931 precedenti
1344 3846 1390 3910 ho

158 3960 241 4027 fatto
257 3974 423 4047 resposta‚
441 3972 476 4029 et
492 3961 551 4046 qui
567 3963 692 4029 mando
707 3963 739 4031 le
755 3961 865 4049 copie.

155 4138 230 4210 legii
238 4137 415 4211 germanici
425 4141 454 4191 et
466 4138 645 4210 hungarici,
663 4140 714 4211 qui
727 4147 826 4194 tamen
845 4156 928 4211 paga.
950 4138 1066 4210 169·173
1084 4141 1158 4195 hanc
1172 4139 1267 4211 ipsam
1282 4137 1390 4211 episto·

156 4228 212 4281 lam
227 4226 313 4281 affert
327 4236 357 4280 et
370 4227 610 4282 annotationibus
624 4228 735 4300 optime
749 4228 886 4285 illustrat.

205 4320 216 4350 ⁷
254 4314 393 4373 Officium
420 4316 475 4371 hoe
500 4333 610 4371 novum
633 4325 697 4372 erat
718 4318 898 4373 breviarium
925 4336 1088 4387 romanum,
1115 4317 1193 4391 quod
1216 4316 1390 4373 Franciscus

155 4403 351 4475 Quignouius,
373 4402 411 4463 Ο.
427 4404 461 4459 S.
479 4406 503 4459 F
506 4443 524 4475 .‚
545 4405 713 4475 cardinalis,
726 4416 846 4462 auctore
865 4408 1022 4464 Clemente
1042 4406 1110 4479 Vll,
1133 4407 1333 4479 concinnaret,
1352 4406 1390 4462 de

155 4510 212 4566 quo
227 4492 444 4565 saepedictum
458 4503 514 4555 est.

204 4585 217 4617 ⁸
255 4581 331 4637 Vide
345 4581 500 4654 epistolam
514 4596 598 4654 4207.

206 4726 214 4759 ¹
255 4726 301 4779 Ex
313 4725 417 4782 codice
430 4726 551 4798 Regert.
567 4727 608 4791 ΙΙ,
622 4726 674 4785 iol.
750 4768 753 4771 .
