3567 5409
761 467 984 521 *Moridunum
1011 466 1186 523 losannae

899 622 992 701 4215
1013 618 1066 673 '’¹'‘

564 744 900 813 FERDlNANDUS
923 747 949 824 1,
978 746 1286 815 ROMANORUM
1312 748 1404 813 REX

698 858 818 914 PATRI
838 859 1009 919 lGNATlO
1029 861 1083 917 DE
1102 860 1264 920 LOYOLA

758 971 876 1013 vrsrsrsr
893 971 925 1027 15
938 972 1088 1025 jauoanrr
1104 972 1172 1029 1554
1186 966 1205 1019 ¹.

408 1092 567 1165 ignatium
580 1097 672 1165 rogat
686 1094 758 1148 uelit
770 1110 879 1149 curam
893 1094 1074 1167 conficiendi
1086 1095 1269 1167 theologicos
1285 1094 1502 1164 institutiones,
1514 1096 1549 1151 in

545 1183 754 1254 compendium
768 1188 950 1248 contractas,
965 1185 1082 1239 idoneis
1092 1184 1181 1240 sociis
1196 1186 1418 1243 comanendum.

424 1319 649 1392 Fcrdinandus,
660 1292 766 1378 divina
776 1320 902 1379 fauente
913 1322 1087 1394 clementia,
1099 1322 1320 1394 Romanorum,
1333 1322 1525 1400 Hungariae,
1538 1322 1599 1380 Bo-

363 1427 486 1486 hemiae
501 1435 561 1486 etc.
578 1444 636 1486 rex
650 1449 672 1484 ι.

422 1533 631 1604 Honorabilis,
641 1534 795 1613 religiose,
807 1535 931 1605 deuote,
945 1537 1035 1595 nobis
1045 1536 1169 1597 dilecte.
1184 1536 1391 1611 Posteaquam
1412 1554 1446 1596 re
1461 1538 1528 1613 ipsa
1543 1538 1600 1595 ha-

363 1650 474 1700 ctenus
487 1642 697 1716 comperimus
711 1644 857 1701 haereses
871 1652 904 1700 et
917 1642 1082 1717 reprobata
1096 1646 1263 1703 multorum
1273 1645 1421 1721 dogmata
1431 1652 1463 1703 et
1474 1644 1600 1720 opinio·

362 1765 429 1822 nes,
443 1766 526 1823 quae
545 1751 605 1807 hoc
624 1750 761 1821 saeculo,
780 1767 836 1824 per
854 1750 1034 1810 uniuersam
1053 1768 1134 1825 pene
1154 1752 1353 1811 christianam
1370 1745 1600 1825 rempublicam

364 1865 535 1931 serpentes,
550 1865 738 1935 grassantur,
753 1858 826 1917 inde
841 1858 1037 1933 potissimum
1051 1860 1081 1917 in
1096 1858 1262 1918 Germania
1278 1860 1458 1931 increuisse,
1470 1858 1598 1917 animis·

363 1980 426 2038 que
443 1966 605 2023 hominurn
615 1966 707 2024 altius
721 1965 890 2041 impressas
904 1983 984 2038 esse,
1000 1968 1085 2041 quod
1102 1966 1169 2025 ialsi
1188 1966 1335 2025 doctores
1349 1975 1380 2025 et
1401 1966 1551 2025 haeretici
1567 1967 1598 2024 in

362 2072 396 2130 id
410 2072 546 2130 maxime
565 2072 766 2144 intenderint,
784 2081 819 2131 ut
833 2089 955 2132 errores
973 2082 1005 2131 et
1019 2074 1167 2151 dogmata
1186 2092 1251 2145 sua,
1268 2076 1299 2131 in
1320 2072 1428 2133 breuia
1442 2072 1599 2147 quaedam

362 2178 465 2253 capita
479 2187 512 2237 et
520 2180 667 2238 articulos
680 2180 807 2239 redacta
818 2189 849 2238 et
859 2182 1096 2255 comprehensa,
1108 2183 1139 2239 in
1149 2183 1262 2259 vulgus
1273 2190 1467 2259 spargerent,
1480 2187 1512 2239 et
1522 2180 1599 2239 hinc

362 2303 490 2361 quoque
507 2288 660 2360 euenisse,
679 2286 766 2362 quod
785 2287 1024 2348 dormitantibus
1043 2306 1268 2364 nonnunquam
1287 2288 1465 2363 pastoribus
1483 2287 1599 2346 nostris

361 2394 392 2452 in
408 2393 585 2468 Germania,
605 2412 668 2453 uon
683 2396 783 2453 solum
802 2398 919 2454 multae
934 2396 1126 2456 eiuscemodi
1144 2396 1297 2472 postillae,
1313 2396 1423 2471 partim
1443 2396 1598 2469 prolixae,

361 2504 472 2577 partim
484 2519 561 2560 uero
572 2502 815 2577 compendiosae
826 2513 858 2561 et
871 2505 1059 2573 succinctae,
1074 2520 1183 2563 verum
1198 2504 1291 2563 etiarn
1306 2502 1519 2573 cathechismi,
1533 2502 1598 2561 loci

361 2623 553 2681 communes,
572 2616 603 2667 et
623 2610 672 2667 alii
692 2609 725 2668 id
740 2626 840 2687 genus
859 2612 976 2669 breues
996 2609 1092 2669 libelli
1112 2618 1174 2670 tam
1189 2611 1376 2689 germanica,
1391 2626 1486 2684 quam
1501 2610 1599 2667 latina

360 2716 475 2794 lingua,
490 2716 530 2773 ab
545 2716 708 2775 haereticis
722 2716 902 2790 conscripti,
918 2732 989 2775 cum
1003 2734 1117 2795 magno
1128 2718 1285 2777 christiani
1300 2724 1332 2775 et
1342 2716 1513 2775 orthodoxi
1524 2732 1599 2793 gre-

358 2825 409 2901 gis
422 2822 522 2881 exitio
541 2825 572 2880 in
593 2824 694 2881 lucem
714 2824 895 2897 prodierint,
915 2826 970 2898 qui
984 2840 1069 2896 sane,
1089 2826 1308 2899 quiapropter
1326 2824 1513 2883 breuitatem
1532 2822 1598 2882 leui

358 2930 459 3004 pretio
474 2932 654 3005 comparari,
669 2938 702 2989 et
717 2931 808 2989 facile
822 2932 991 2991 memoriae
1004 2932 1083 2991 tradi
1097 2933 1266 3007 potuerint,
1281 2932 1354 2990 ideo
1369 2932 1464 2990 etiam
1477 2932 1598 3005 populo

358 3037 508 3113 gratiores
522 3048 554 3096 et
569 3038 798 3113 plausibiliores
811 3055 881 3097 esse
897 3048 1140 3099 consueuerant.

418 3142 635 3222 Cogitantibus
652 3146 758 3220 itaque
776 3147 877 3217 nobis,
897 3147 1013 3219 quibus
1033 3147 1226 3225 potissimum
1246 3145 1419 3205 rationibus
1437 3155 1531 3219 atque
1545 3162 1598 3203 re·

358 3251 470 3311 mediis
491 3259 555 3310 tam
575 3253 769 3326 periculosae
790 3255 972 3331 contagioni
997 3256 1117 3312 occurri
1140 3262 1255 3327 posset,
1276 3254 1336 3311 alia
1366 3251 1513 3326 equidem
1540 3252 1598 3311 nia

357 3359 552 3417 commodior
566 3368 618 3419 aut
627 3360 784 3419 efficacior
798 3361 864 3419 iore
875 3362 945 3419 uisa
956 3379 1018 3420 non
1034 3370 1090 3432 est,
1105 3370 1199 3435 atque
1214 3362 1241 3419 si
1254 3368 1398 3435 pastores
1411 3367 1443 3418 et
1452 3359 1597 3436 theologi

359 3467 455 3525 nostri
469 3467 640 3525 orthodoxi
660 3468 793 3527 eandem
818 3470 1055 3542 quodammodo
1082 3470 1112 3526 in
1139 3468 1311 3527 euellendis
1331 3467 1597 3541 eradicandisque

358 3574 532 3647 reprobatis
545 3573 748 3650 opinionibus
762 3586 794 3633 et
808 3575 992 3633 haeresibus
1003 3583 1099 3634 artem
1115 3575 1312 3647 adhibentes,
1327 3592 1390 3649 qua
1404 3574 1596 3635 schismatici

357 3682 388 3738 in
403 3681 588 3758 spargendis
602 3682 663 3739 illis
677 3682 719 3739 uti
736 3681 891 3753 uidentur,
906 3683 1127 3755 compendium
1142 3682 1269 3756 aliquod
1283 3681 1462 3759 theologiae
1476 3681 1595 3753 conpi-

356 3788 465 3858 larent,
480 3789 567 3862 quod
581 3796 642 3847 tarn
662 3789 881 3848 ecclesiasticis
896 3807 989 3863 quam
1012 3789 1205 3849 secularibus
1221 3792 1317 3848 instar
1331 3790 1457 3868 regulae
1476 3795 1508 3847 et
1521 3804 1596 3846 uor-

411 3954 425 3980 ι
461 3938 495 3993 in
506 3936 616 4010 fascic.
635 3938 817 4012 Lagomnrs.
836 3940 978 3994 additur:
995 3939 1169 4011 honorabili,
1195 3939 1345 4011 religioso,
1363 3938 1484 4003 devoto,
1506 3937 1596 3993 nobis

357 4026 477 4095 dilecto,
492 4027 633 4098 magistro
647 4028 763 4097 lgnatio
775 4026 813 4083 de
827 4026 948 4099 Loyola,
963 4026 1124 4083 societatis
1138 4027 1265 4083 nominis
1278 4028 1351 4099 Jesu
1361 4027 1528 4100 praeposito
1540 4043 1595 4097 ge·

359 4116 463 4186 nerali,
477 4116 611 4171 Romam.

410 4260 420 4291 ¹
457 4260 502 4314 Ex
515 4262 676 4332 archetypo
689 4263 720 4317 in
732 4261 836 4317 codice
851 4263 950 4333 Epist.
962 4262 1114 4335 Princip„
1130 4262 1205 4334 aii,
1219 4280 1249 4320 n.
1263 4276 1307 4334 55,
1323 4261 1405 4334 prius
1416 4260 1469 4317 208
1483 4269 1514 4316 et
1526 4274 1595 4331 209,

357 4350 387 4404 in
400 4348 522 4420 antiquo
535 4349 680 4404 tabulario
692 4348 717 4404 C
730 4350 796 4407 XX.
808 4348 836 4409 3.
849 4360 882 4405 et
893 4351 984 4405 etiam
994 4352 1028 4409 B.
1042 4363 1084 4419 17.
1096 4350 1259 4407 Continent
1268 4351 1446 4423 apographa:
1462 4350 1534 4407 Cod.
1545 4348 1593 4403 di·

357 4454 484 4501 versor„
500 4449 511 4491 1
526 4436 591 4509 tol„
604 4456 634 4496 n.
648 4450 694 4508 79,
707 4438 788 4510 prius
802 4439 865 4501 218,
880 4455 947 4495 cum
962 4441 1016 4495 hac
1035 4440 1070 4495 P.
1089 4440 1209 4496 Polanci
1223 4447 1324 4495 annot.
1338 4456 1355 4493 a
1369 4448 1465 4511 tergo:
1480 4437 1592 4510 «Copia

356 4526 395 4583 de
409 4544 467 4583 vna
479 4526 527 4581 del
540 4543 594 4599 rey
606 4527 645 4583 de
658 4544 794 4584 romanos
808 4545 876 4600 para
899 4538 1019 4585 nuestro
1032 4528 1157 4596 Padres3
1170 4546 1259 4601 capsa
1272 4530 1369 4585 Initia
1383 4530 1416 4585 S.
1422 4529 1469 4601 J.,
1488 4526 1590 4587 fascic.

358 4616 542 4687 Lngomasa,
561 4632 645 4689 paga.
664 4616 865 4687 pto-Edita
884 4616 941 4674 tuit
960 4618 990 4674 in
1008 4636 1098 4691 opere
1118 4620 1194 4675 Acta
1215 4619 1272 4677 SS.
1287 4618 1405 4693 sulii...
1431 4626 1504 4674 tom.
1523 4617 1591 4689 vlt,

357 4714 431 4779 part.
447 4706 487 4765 ll.
500 4705 668 4763 Comment.
683 4724 796 4779 praev„
810 4725 840 4765 n.
854 4708 918 4778 4643
936 4706 1056 4773 Corios,
1070 4708 1124 4777 lV,
1139 4724 1221 4779 paga.
1238 4720 1300 4777 501·
1306 4706 1372 4777 503.
