3567 5409
751 535 752 538 ,
804 489 1013 546 Mortuum
1036 490 1215 546 lossmus

966 647 1058 728 4125

735 779 875 846 PATRI
901 779 1064 846 PAULO
1090 779 1282 848 ACHILLI

796 915 883 958 κου
901 915 913 957 r
928 914 1100 958 renuuntur
1122 915 1191 972 ¹554
1207 907 1228 958 ¹.

386 1038 521 1109 Acceptis
533 1038 667 1109 epistolis
678 1040 848 1110 respondet.
857 1036 1020 1104 —Litteras
1029 1039 1202 1108 superiores
1210 1039 1253 1093 od
1264 1036 1484 1095 Domerreoeum
1496 1057 1635 1096 comme·

443 1126 639 1182 morat-De
650 1129 739 1183 sociis
748 1129 859 1197 septem
877 1144 914 1185 ex
933 1127 1088 1196 Hispania
1101 1126 1353 1198 perventis-De
1369 1127 1559 1198 quibusdam
1574 1133 1635 1201 po·

441 1217 689 1273 normilarrorum
702 1215 931 1290 negotiis-De
941 1215 1065 1272 oblatio
1078 1215 1160 1273 Siue.
1174 1215 1297 1272 Mariae
1305 1218 1343 1272 de
1354 1216 1478 1290 crypta.

457 1345 529 1410 Pax
547 1343 688 1412 Christi.
1310 1422 1313 1426 A

455 1459 670 1546 Rispondero
685 1481 746 1546 per
762 1471 884 1545 questa
902 1461 969 1529 alle
985 1460 1106 1528 lettere
1121 1460 1165 1526 de
1181 1457 1226 1525 26
1240 1457 1276 1525 di
1291 1457 1490 1541 Dicembre,
1511 1478 1549 1544 7,
1575 1480 1630 1540 10,

391 1577 443 1658 16,
466 1595 506 1664 19
522 1574 556 1642 di
568 1575 739 1658 Gennai0‚
758 1575 792 1642 in
808 1576 923 1661 quello
939 1575 1006 1644 che
1022 1574 1150 1642 ricerca
1165 1573 1327 1661 risposta‚
1345 1575 1433 1644 oltra
1447 1577 1482 1643 lo
1499 1575 1632 1645 scritto

386 1694 418 1761 al
436 1693 476 1762 Ρ.
494 1695 596 1762 Mtro.
616 1689 857 1760 Hieronimo'.

453 1807 493 1876 Li
514 1819 602 1877 sette
624 1807 748 1874 fratelli
770 1807 933 1874 ariuorno
954 1806 989 1872 in
1008 1826 1132 1874 manco
1152 1807 1195 1874 de
1218 1805 1289 1890 3di
1310 1829 1331 1872 a
1352 1807 1511 1894 Neapoli,
1530 1810 1630 1878 doue

384 1936 527 1994 stettero
544 1925 671 1992 incirca
687 1946 754 1992 vna
772 1923 967 2003 settimana,
985 1936 1020 1990 et
1030 1922 1141 2010 hoggi
1152 1945 1173 1988 a
1185 1924 1270 1989 hora
1280 1923 1315 1988 di
1329 1922 1509 2011 mangiare
1534 1926 1629 1993 arri·

384 2061 516 2109 uorono
532 2039 605 2109 sani
623 2062 683 2127 per
698 2041 731 2107 la
747 2039 859 2126 gratia
874 2039 910 2104 d'
926 2037 1033 2105 iddio.

447 2157 547 2226 Delia
562 2156 700 2225 licentia
716 2177 776 2243 per
792 2156 907 2242 quella
923 2175 1078 2234 monaca,
1094 2155 1131 2221 io
1143 2176 1212 2222 non
1229 2153 1276 2221 mi
1292 2154 1427 2222 ricordo
1437 2157 1623 2226 altrimen-

382 2275 419 2355 ti,
441 2295 498 2341 ma
516 2276 562 2339 m'
581 2271 779 2341 informato.

448 2389 488 2458 Li
505 2389 631 2476 cinque
647 2387 744 2455 scudi
761 2408 831 2454 non
847 2388 870 2452 l'
889 2389 936 2453 ho
950 2388 1094 2466 hauut0‚
1112 2407 1168 2452 ma
1183 2385 1288 2454 credo
1301 2386 1399 2454 siano
1410 2387 1446 2454 iu
1461 2409 1537 2455 voa
1557 2411 1623 2475 po-

378 2506 441 2574 lisa
456 2507 653 2602 mandata'a
670 2507 772 2573 Mtro.
793 2503 986 2573 Benedetto
1007 2503 1033 2582 ³,
1056 2501 1087 2567 al
1112 2503 1193 2587 qual
1215 2501 1306 2570 forsa
1329 2501 1358 2571 si
1379 2506 1619 2572 raccomando

382 2635 504 2710 questa
523 2621 695 2708 dispensa.

448 2741 500 2807 De
516 2737 685 2804 sodissare
701 2738 734 2804 al
747 2734 973 2804 Tramezzino
989 2736 1002 2768 ⁸
1019 2735 1067 2802 ho
1081 2735 1139 2821 gii
1155 2734 1275 2801 scritto
1290 2735 1322 2802 al
1339 2735 1381 2802 P.
1400 2738 1502 2804 Mtro.
1529 2737 1619 2806 Hie·

379 2855 524 2936 tonino,
544 2857 599 2920 ch'
617 2851 650 2920 io
666 2875 735 2920 non
748 2855 886 2921 haueuo
899 2850 1056 2918 riceuuto
1067 2850 1186 2917 danari
1198 2871 1259 2936 per
1272 2851 1318 2917 tal
1330 2863 1445 2932 conto,
1461 2853 1507 2918 nie
1519 2873 1620 2920 com·

381 2970 556 3048 missione.
574 2970 632 3036 ch’
651 2969 683 3036 io
699 2967 830 3056 sappia:
845 2979 881 3036 et
896 2987 963 3034 con
978 2968 1098 3033 effetto
1113 2966 1174 3052 piis
1186 2976 1303 3052 presto
1313 2965 1347 3032 ci
1360 2965 1535 3035 trouiamo
1549 2989 1619 3035 con

377 3085 526 3172 bisogno
540 3087 576 3151 d’
597 3106 711 3154 essere
727 3083 899 3171 aggiutati
916 3086 980 3150 che
995 3103 1062 3150 con
1084 3081 1255 3150 comoditi
1276 3081 1311 3150 di
1334 3092 1479 3150 mettere
1497 3081 1619 3150 dinari

377 3223 435 3290 per
450 3201 474 3268 li
490 3201 627 3289 collegii
643 3201 750 3268 ricchi
765 3200 809 3268 de
824 3195 952 3268 Sicilia.
971 3199 1019 3267 Se
1034 3219 1099 3285 pur
1115 3197 1149 3264 io
1165 3197 1211 3264 mi
1227 3198 1376 3265 trouassi
1393 3199 1496 3265 modo
1515 3221 1541 3265 o
1553 3221 1611 3268 co-

330 3409 331 3412 Ἴ
377 3317 505 3385 rnoditi
522 3319 565 3384 de
582 3337 721 3404 pagare,
740 3317 773 3383 lo
796 3315 880 3394 fari),
903 3337 925 3380 o
941 3317 1077 3383 almeno
1098 3315 1120 3380 li
1143 3314 1288 3400 parlero,
1311 3315 1407 3381 accio
1428 3315 1559 3400 aspetti
1583 3317 1615 3385 la

379 3433 574 3520 prouisione
590 3433 644 3499 del
664 3435 703 3498 P.
723 3435 825 3500 Mtro.
845 3429 1062 3500 Hieronim0.

440 3551 489 3618 La
505 3547 754 3635 supplicatione
770 3549 814 3615 de
830 3559 930 3614 santa
946 3545 1054 3614 Maria
1069 3547 1158 3614 della
1173 3548 1299 3631 Grotta
1316 3549 1342 3626 ⁵,
1360 3568 1464 3613 sanza
1479 3548 1513 3616 le
1529 3548 1611 3615 tati·

372 3668 436 3732 che
451 3663 519 3732 mie
534 3677 568 3732 et
584 3663 752 3732 industria
768 3663 802 3729 in
819 3675 974 3731 ottenere
990 3663 1023 3729 la
1037 3660 1149 3749 gratia
1164 3662 1220 3730 del
1237 3683 1337 3748 papa,
1355 3661 1401 3728 mi
1417 3675 1516 3730 costa
1542 3665 1602 3750 piu

371 3784 413 3850 de
434 3797 494 3865 125
517 3797 567 3860 V,
587 3781 710 3866 perchie
728 3780 760 3846 la
776 3779 1026 3864 compositione
1039 3779 1189 3845 secondo
1209 3778 1232 3843 il
1254 3777 1386 3846 datario
1406 3799 1464 3846 era
1486 3778 1524 3845 di
1549 3780 1610 3866 piu

370 3898 404 3964 di
423 3915 499 3983 300.
520 3898 586 3964 Per
603 3897 635 3961 la
651 3893 860 3980 spedittione
875 3894 965 3962 delle
981 3893 1072 3961 boile
1088 3891 1162 3961 seri
1180 3892 1377 3962 necessario
1393 3895 1463 3962 che
1479 3894 1515 3961 di
1533 3895 1608 3963 lissi

383 4029 571 4042 --.-——--·-

424 4100 431 4130 Ι
471 4095 514 4149 Ex
528 4093 632 4149 codice
647 4093 764 4166 Regest.
780 4091 822 4158 ΙΙ,
837 4089 889 4147 fol.
902 4103 968 4160 45v.

421 4186 433 4220 ⁸
468 4185 669 4255 Hieronymus
683 4183 900 4236 Domeneccus.
915 4179 992 4235 Vide
1006 4179 1162 4251 epistolam
1176 4179 1372 4251 superiorem.

419 4277 430 4307 ¹
469 4272 651 4328 Benedictus
665 4269 805 4329 Palmius.

421 4369 432 4398 ⁴
470 4361 645 4417 Franciscus
658 4361 881 4430 Tramezzinus,
898 4359 1099 4431 typographus
1113 4366 1162 4412 aut
1175 4357 1347 4430 bibliopola.

418 4455 429 4488 ³
466 4451 570 4506 Sermo
581 4459 627 4505 est
638 4449 675 4504 de
686 4450 805 4504 abbatia
815 4448 898 4507 Stae.
911 4449 1019 4503 Mariae
1029 4447 1066 4502 de
1077 4447 1199 4518 Crypta,
1213 4449 1304 4516 vulgo
1314 4445 1371 4506 Sti.
1382 4443 1512 4518 Philippi
1522 4445 1600 4502 della

365 4543 482 4608 Grotta,
500 4539 537 4598 Ο.
557 4539 588 4598 S.
609 4541 688 4610 Bas,
707 4557 723 4592 a
743 4539 849 4594 Carolo
868 4539 895 4592 V
912 4537 1116 4610 panormitano
1132 4535 1291 4591 Societatis
1304 4535 1432 4606 collegio
1445 4534 1599 4599 attributa,

361 4631 410 4687 Ct.
436 4629 533 4701 Epist.
559 4629 683 4693 Mixtus,
703 4629 756 4698 IV,
777 4629 841 4700 ⁶253
861 4627 1043 4699 Poetneum,
1064 4625 1187 4691 Chron„
1208 4626 1262 4696 111,
1284 4639 1337 4693 205
1355 4634 1386 4680 et
1404 4624 1467 4697 206,
1486 4633 1519 4680 et
1537 4627 1600 4681 loct

364 4719 476 4776 ibidem
491 4719 619 4774 laudata.
