3567 5409
514 500 791 569 Errsr.4215.-27
811 500 989 557 Faaaunau
1010 513 1078 570 ¹554
1328 496 1381 569 397.

179 649 244 715 bus
274 651 521 737 compendium
553 652 749 739 theologiae
780 652 936 721 Viennae
967 652 1104 739 publice
1136 652 1348 733 docendum,
1382 661 1417 719 et

178 764 407 833 ecclesiarum
424 766 618 834 rectoribus
634 767 669 833 in
685 768 758 835 suis
773 768 961 855 prouinciis
981 790 1024 837 ex
1042 788 1105 834 usu
1130 769 1285 835 futurum
1308 789 1327 835 a
1352 788 1415 833 no-

178 880 258 947 stris
275 882 453 970 theologis
470 884 513 950 V.
529 885 577 950 M.
595 882 690 951 iubet
708 886 836 952 Romae
851 884 1061 951 concinnari.
1081 886 1124 951 Et
1140 904 1236 965 sane,
1263 884 1356 968 quod
1373 883 1417 951 ad

177 995 283 1062 animi
301 998 413 1065 nostri
429 998 732 1086 promptitudinem
750 1001 792 1066 ad
812 1000 1119 1086 obtemperandum
1140 998 1276 1079 attinet,
1303 998 1415 1085 perin-

178 1111 223 1180 de
244 1113 400 1180 romanis
427 1125 530 1199 atque
550 1113 797 1183 viennensibus
818 1115 946 1182 nostris
968 1114 1131 1183 fratribus
1151 1114 1303 1199 quoduis
1329 1134 1418 1181 onus

178 1238 298 1313 potest
316 1230 359 1297 V.
379 1232 427 1298 Μ.
445 1230 633 1317 imponere,
651 1242 686 1298 et
702 1234 765 1297 hos
781 1230 876 1298 iuxta
888 1244 993 1317 atque
1006 1230 1082 1298 illos
1093 1252 1174 1298 suos
1187 1251 1263 1299 esse
1276 1229 1414 1297 ducere.

182 1341 232 1409 At
248 1366 329 1413 eam
353 1345 581 1415 eruditionem
596 1360 633 1414 et
648 1345 826 1428 iudicium,
842 1368 930 1433 quae
955 1347 1035 1414 huic
1051 1346 1148 1432 operi
1170 1368 1233 1433 pro
1248 1345 1418 1432 dignitate

183 1459 407 1528 conficiendo
423 1460 635 1532 necessariae
660 1466 784 1542 torent,
807 1462 922 1550 potius
942 1476 1113 1549 optamus,
1137 1483 1240 1548 quam
1262 1461 1296 1528 in
1317 1462 1418 1529 nobis

184 1577 424 1663 agnoscimus.
451 1580 639 1664 Utcunque
665 1590 795 1660 tamen,
825 1580 1015 1646 secundum
1049 1600 1243 1647 mensuram
1272 1576 1416 1665 gratiae,

186 1712 296 1775 quam
313 1693 566 1760 communicare
581 1694 681 1760 nobis
697 1693 896 1780 dignabitur
908 1704 1069 1763 aeternus
1081 1697 1249 1760 bonorum
1266 1692 1418 1760 omnium

185 1809 280 1892 sons,
299 1808 449 1879 nitemur
468 1820 608 1876 sanetae
624 1808 806 1879 intentioni
823 1810 867 1879 V.
887 1812 935 1877 Μ.
955 1830 1016 1897 pro
1034 1809 1123 1876 uirili
1139 1808 1350 1890 satisfacere
1369 1820 1417 1889 et,

186 1925 258 1992 hoc
274 1927 558 2013 quadragesimae
575 1936 729 2013 tempore
744 1927 898 2006 euoluto,
917 1925 1034 2012 inquo
1050 1926 1157 1993 nostri
1175 1924 1301 2011 ubique
1318 1923 1418 2013 spiri·

186 2041 342 2108 tualibus
358 2040 644 2129 occupationibus
660 2045 710 2130 (ut
726 2042 761 2107 in
774 2042 957 2129 praecipua
970 2042 1051 2109 anni
1063 2042 1184 2127 messe)
1197 2040 1417 2121 distinemur,

190 2178 332 2225 manum
347 2156 429 2224 huic
445 2156 540 2243 operi
556 2158 820 2238 admonendam,
838 2170 873 2226 et
891 2180 994 2244 quam
1013 2156 1175 2227 citissime
1191 2155 1323 2223 absolui
1345 2167 1419 2243 pot·

189 2270 269 2353 erit,
288 2272 324 2339 id
340 2275 383 2339 ad
400 2275 445 2340 V.
464 2276 512 2341 M.
533 2273 831 2341 transmittendum
848 2272 1057 2343 curabimus.

257 2390 336 2457 Non
363 2364 655 2456 dissimdlabimus
677 2400 792 2458 tamen
819 2391 912 2475 quod
939 2390 1112 2471 exactius,
1135 2410 1175 2457 ac
1197 2388 1338 2475 proinde
1358 2390 1419 2455 do-

192 2504 283 2571 ctius
299 2515 333 2572 et
349 2503 535 2585 difficilius,
555 2504 692 2571 uidetur
712 2526 800 2592 opus
815 2505 1047 2573 necessarium
1065 2526 1153 2586 esse,
1168 2516 1207 2570 ut
1229 2503 1384 2572 Viennae
1400 2525 1420 2570 a

193 2619 385 2706 theologiae
402 2620 651 2706 professoribus
667 2622 898 2707 praelegatur,
914 2640 1016 2705 quam
1032 2632 1069 2687 ut
1081 2620 1116 2686 in
1129 2618 1316 2706 prouinciis
1328 2641 1347 2686 a
1360 2640 1420 2687 cu·

193 2733 346 2801 tionibus
361 2748 396 2803 et
412 2735 634 2804 ecclesiarum
648 2736 841 2803 rectoribus
857 2734 928 2823 (qui
945 2758 1064 2823 parum
1081 2734 1206 2805 eruditi
1225 2756 1328 2821 saepe
1344 2754 1420 2803 esse

193 2851 314 2934 solent)
335 2850 371 2916 in
394 2850 553 2917 manibus
574 2852 751 2919 habeatur.
775 2854 1022 2921 Uerumtamen
1046 2850 1199 2937 utrisque
1228 2852 1294 2917 hoc
1318 2872 1418 2937 opus,

194 2967 306 3050 quoad
319 2965 394 3035 eius
406 2966 479 3034 fieri
492 2968 631 3053 poterit,
645 2980 885 3054 attemperare,
904 2978 938 3035 et
954 2966 1125 3034 uoluntati
1138 2969 1181 3034 V.
1198 2970 1246 3036 M.
1260 2966 1295 3033 in
1308 2966 1421 3034 omni·

196 3082 260 3147 bus
276 3104 395 3168 parere
411 3082 592 3152 enitemur.

260 3198 433 3284 Dignetur
449 3198 566 3267 diuina
585 3199 768 3269 clementia
784 3198 944 3267 omnibus
969 3200 1132 3287 ubere[m]
1156 3200 1301 3287 gratiam
1322 3220 1419 3266 suam

193 3311 343 3399 elargiri,
362 3326 400 3381 ut
416 3314 664 3383 sanctissimam
682 3314 789 3401 ipsius
811 3316 1023 3385 uoluntatem
1040 3334 1251 3402 cognoscere
1271 3326 1306 3382 et
1327 3338 1420 3383 eam·

200 3430 277 3496 dem
293 3429 478 3516 adimplere
495 3431 682 3497 ualeamus,

262 3546 391 3614 Romae
406 3546 537 3613 XXVII
553 3546 610 3614 die
625 3546 801 3615 Februarii
817 3568 909 3614 anno
925 3548 1064 3615 Domini
1082 3550 1131 3617 M.
1148 3548 1194 3616 D.
1214 3546 1313 3614 LIIII.

259 3663 456 3748 Inscriptio.
477 3664 509 3729 A
525 3663 671 3731 Vienna.
692 3664 770 3731 Aila
786 3666 920 3733 maesta
937 3664 1095 3743 cessaria,
1114 3664 1137 3731 il
1154 3685 1190 3731 re
1210 3664 1253 3732 de
1275 3660 1417 3729 romani.
