3567 5409
385 470 442 528 638
765 472 972 528 Mouurrsurr
997 472 1177 527 Iouerum

350 627 549 713 eproposto
565 624 655 693 cirea
670 625 694 691 il
711 628 852 693 mandat
872 625 960 693 costi
982 624 1006 690 il
1029 628 1070 693 P.
1093 628 1195 694 Mtro.
1222 625 1423 695 Salmerone
1447 646 1515 692 oon
1537 626 1579 713 gli

349 741 428 809 altri
445 740 546 808 Padri
561 754 597 809 et
613 741 736 811 fratelli
751 762 813 827 per
827 742 888 808 dar
906 740 1073 827 principio
1091 741 1122 807 al
1142 739 1301 827 collegio.

419 860 461 925 Et
476 857 500 923 il
515 856 626 943 primo
641 856 885 943 impedimento
900 858 930 937 ὲ,
948 860 1013 925 che
1028 858 1051 921 il
1071 857 1111 923 P.
1131 860 1234 925 Mtro.
1253 857 1453 926 Salmeroue
1473 860 1578 944 (come

350 996 410 1061 per
425 975 448 1040 l'
466 973 599 1041 inclusa
613 994 676 1040 sua
692 974 817 1042 uederr'r
830 975 873 1041 V.
889 974 945 1057 R.)
958 995 1027 1039 non
1040 975 1176 1043 haueua
1188 984 1308 1059 potuto
1319 984 1455 1042 ottener
1468 974 1578 1041 buona

348 1088 486 1157 licentia
508 1091 565 1156 del
587 1091 686 1156 Rmo.
712 1088 863 1157 cardinal
887 1088 1012 1168 vicere,
1039 1110 1099 1175 per
1121 1110 1235 1157 essere
1259 1090 1363 1155 molto
1387 1089 1580 1157 necessarie

349 1227 413 1272 sua
429 1204 601 1291 presentia
615 1205 651 1270 in
667 1206 780 1290 quella
795 1203 878 1270 cirre
896 1226 955 1291 per
972 1226 1018 1269 un
1036 1204 1177 1291 negotio
1192 1205 1248 1272 del
1265 1204 1423 1290 collegio.

418 1322 455 1388 L'
473 1323 559 1389 altro
574 1322 607 1401 e,
629 1324 694 1389 che
713 1319 749 1387 in
771 1333 896 1406 questo
922 1342 1014 1389 mese
1037 1322 1069 1387 d'
1094 1321 1212 1407 Aprile
1236 1322 1325 1407 (cosa
1350 1324 1418 1388 che
1442 1322 1510 1388 mai
1537 1324 1580 1388 ha

349 1458 487 1505 sooesso
502 1438 567 1503 alla
581 1436 794 1523 Compagnia
811 1438 978 1505 nostruin
997 1436 1114 1521 Roma)
1132 1437 1221 1504 nella
1236 1456 1315 1505 casa
1331 1448 1448 1505 nostra
1464 1450 1499 1506 et
1512 1439 1578 1504 col-

349 1552 442 1639 legio
465 1554 494 1619 si
518 1554 634 1619 hanno
657 1553 803 1619 amalato
827 1552 886 1637 piu
908 1551 944 1617 di
969 1570 1011 1635 30
1035 1550 1115 1619 delli
1136 1551 1255 1618 nostri.
1281 1554 1373 1621 Uero
1393 1556 1414 1619 ὁ
1434 1555 1501 1622 che
1524 1576 1581 1640 per

350 1668 461 1754 gratia
476 1669 532 1735 del
548 1668 677 1755 Signor
691 1669 724 1734 la
740 1666 898 1754 maggior
914 1678 1009 1754 parte
1024 1667 1059 1732 di
1076 1668 1148 1734 loro
1160 1682 1212 1733 sta
1225 1668 1259 1734 in
1272 1670 1540 1737 convalesceuza
1553 1668 1578 1747 l,

349 1793 385 1851 et
405 1806 475 1849 non
494 1806 580 1851 sono
599 1782 769 1852 infermitri
790 1784 992 1869 pericolose,
1017 1794 1069 1850 tra
1088 1784 1111 1849 li
1132 1782 1224 1868 quali
1247 1784 1280 1849 ui
1302 1805 1387 1850 sono
1410 1786 1454 1851 N.
1481 1787 1536 1865 P..
1559 1786 1582 1852 il

352 1900 392 1967 P.
414 1903 515 1967 Mtr0.
536 1901 698 1982 Polanco,
716 1900 740 1964 il
755 1899 930 1967 licentiato
948 1897 1079 1967 Madrid
1096 1900 1149 1965 col
1169 1921 1233 1987 suo
1254 1901 1387 1966 fratello
1409 1902 1435 1980 ³,
1459 1912 1494 1967 et
1517 1902 1584 1967 due

350 2016 431 2084 delli
441 2015 499 2102 girl
509 2014 668 2084 destinati
682 2038 742 2102 per
753 2016 912 2094 Genoua‚
927 2015 999 2081 cioi
1013 2016 1036 2080 il
1051 2017 1090 2103 P.
1107 2018 1210 2082 Mtro.
1227 2014 1380 2082 Antonio
1394 2016 1582 2085 Soldeuilla

351 2143 387 2201 et
405 2154 450 2199 un
466 2133 552 2199 altro
569 2132 714 2211 fratello,
731 2132 902 2198 chiamato
920 2133 1175 2213 Bartholomeo‚
1193 2144 1228 2198 et
1244 2132 1334 2211 altri,
1352 2134 1416 2199 che
1438 2132 1584 2201 sarebbe

353 2258 451 2333 tropo
467 2248 571 2335 longo
591 2270 611 2313 a
632 2246 823 2313 nominarli.
846 2248 884 2315 Si
903 2250 980 2327 che,
1000 2259 1224 2332 quantunque
1240 2246 1288 2333 gli
1304 2249 1441 2314 amalati
1461 2269 1581 2315 uenes·

350 2384 429 2430 sero
444 2362 479 2428 in
494 2362 716 2448 dispositione
732 2362 767 2427 di
783 2362 908 2448 potersi
927 2373 1068 2431 mettere
1081 2362 1115 2428 in
1129 2363 1271 2449 uiaggio
1285 2363 1319 2449 (il
1333 2364 1400 2430 che
1413 2364 1585 2449 probabil·
1655 2335 1658 2349 ¹

352 2490 468 2547 mente
483 2500 551 2545 non
569 2482 637 2564 puo
653 2500 768 2547 essere
782 2500 820 2545 se
837 2500 905 2544 non
924 2478 1050 2563 passati
1064 2478 1177 2545 alcuni
1194 2478 1330 2565 giomi),
1347 2493 1382 2545 et
1404 2479 1541 2547 uenisse
1562 2479 1584 2544 il

354 2595 394 2663 P.
421 2594 636 2674 Salmerone,
665 2615 735 2659 non
755 2594 969 2679 potrebbono
993 2594 1059 2661 essi
1079 2590 1264 2685 [arrivare]‚
1289 2596 1439 2661 secondo
1460 2592 1490 2661 si
1516 2599 1584 2679 pull

352 2710 542 2797 giudicare,
561 2709 678 2776 auanti
691 2710 778 2777 costi
795 2709 874 2775 dell’
893 2708 1019 2776 intrata
1034 2710 1077 2777 de
1094 2710 1250 2797 Giugno‚
1269 2734 1291 2776 o
1308 2710 1332 2775 il
1349 2709 1407 2796 piu
1424 2722 1538 2796 presto
1553 2712 1587 2779 al

352 2826 399 2891 fin
415 2827 459 2891 de
476 2824 629 2912 Maggio.
650 2827 692 2891 Et
708 2826 742 2891 in
761 2826 806 2891 tal
824 2837 953 2910 tempo,
972 2845 1124 2893 comesa
1142 2827 1183 2892 V.
1204 2828 1260 2907 R.,
1279 2826 1336 2912 gis
1353 2824 1375 2890 li
1393 2826 1481 2893 caldi
1498 2848 1584 2893 sono

230 2994 234 3003 .
352 2939 481 3007 intrati.
500 2942 543 3007 Et
559 2942 717 3009 uenendo
732 2938 944 3017 dettiurostri
961 2941 1006 3005 ad
1021 2941 1092 3007 aria
1108 2962 1224 3007 nuovo
1237 2962 1298 3027 per
1311 2942 1395 3020 loru,
1410 2953 1446 3009 et
1457 2964 1478 3007 a
1490 2942 1581 3028 prin-

351 3054 478 3142 cipiare
494 3056 655 3141 collegio,
672 3057 765 3123 doue
781 3055 829 3141 gli
847 3055 993 3141 trauagli
1005 3055 1164 3140 sogliono
1176 3076 1289 3125 essere
1302 3055 1361 3142 piir
1373 3056 1586 3123 straordina·

276 3198 279 3201 ⁴
350 3170 389 3237 rii
406 3172 461 3237 del
477 3171 605 3249 debito,
623 3185 657 3239 et
672 3170 707 3236 in
724 3170 841 3256 tempi,
859 3192 903 3238 ne
919 3169 1010 3255 quali
1026 3170 1062 3236 in
1080 3170 1156 3235 altri
1173 3170 1294 3256 luoghi
1311 3171 1408 3257 quasi
1424 3172 1585 3257 sogliono

350 3307 465 3355 essere
482 3307 645 3365 uacanze‚
663 3288 855 3354 sarebbono
871 3295 960 3351 tutte
975 3295 1095 3369 queste
1111 3304 1216 3353 cause
1233 3286 1320 3384 assei
1336 3286 1519 3354 sufficienti
1540 3289 1584 3353 de

352 3402 498 3470 metterli
514 3401 548 3467 in
566 3424 651 3488 gran
668 3402 816 3487 pericolo
831 3402 921 3469 della
936 3402 987 3466 lor
1004 3401 1115 3467 sanita
1131 3403 1322 3487 corporale;
1341 3414 1376 3469 et
1392 3402 1426 3467 in
1452 3404 1584 3488 luogho

351 3517 394 3585 de
416 3517 515 3585 uenir
538 3540 597 3603 per
619 3516 831 3603 trauagliarsi
852 3516 886 3582 in
909 3515 1060 3601 seruigio
1080 3516 1115 3581 di
1137 3528 1268 3585 cotesta
1291 3516 1387 3597 cittis,
1408 3518 1585 3586 uenissero

352 3633 410 3719 piu
428 3647 541 3719 presto
556 3654 616 3718 per
632 3634 716 3699 darli
734 3632 870 3698 fastidio
887 3653 953 3697 eon
970 3633 1001 3699 le
1017 3633 1091 3697 loro
1107 3630 1291 3703 informiter.

417 3750 455 3817 Si
471 3751 536 3814 che
552 3747 723 3815 crediamo
738 3762 846 3826 cerm,
865 3746 1079 3815 considerate
1096 3760 1216 3832 queste
1237 3747 1495 3828 circunstantie,
1520 3750 1584 3815 ha-

351 3886 479 3932 uerano
501 3886 561 3950 per
581 3866 669 3931 bene
689 3862 810 3931 cotesti
831 3860 961 3948 signori
981 3864 1048 3929 che
1068 3873 1189 3948 questa
1206 3862 1409 3950 migratione
1425 3864 1453 3931 si
1470 3862 1580 3933 intra·

353 3998 457 4068 tenga
473 3980 575 4046 insin'
592 3982 624 4046 al
641 3979 932 4058 Settembre;'che
949 3989 1000 4045 tre
1015 4000 1037 4042 o
1052 3990 1190 4064 quattro
1208 3978 1304 4060 mesi,
1325 3978 1383 4064 piu
1405 4001 1427 4045 0
1447 4000 1582 4061 manee,

352 4117 463 4181 puoco
479 4096 685 4182 importano,
709 4092 868 4160 hauendo
883 4090 917 4158 d'
933 4115 1047 4161 essere
1065 4104 1186 4177 questa
1207 4114 1322 4180 opera,
1341 4114 1407 4159 con
1424 4095 1585 4181 ingratia

351 4213 406 4278 del
427 4211 585 4299 signore,
609 4222 772 4298 perpetua
793 4210 829 4276 in
849 4210 945 4276 detta
966 4210 1060 4291 citti3
1080 4222 1115 4278 et
1137 4210 1191 4275 all'
1214 4211 1299 4275 hora
1320 4222 1489 4296 potranno
1510 4233 1583 4278 me·

407 4419 421 4460 t
458 4415 693 4472 couuulesceudo
705 4433 761 4469 ms.
804 4426 808 4433 '

404 4606 417 4639 ⁸
454 4606 624 4676 Alphonsus
636 4603 770 4659 Sanehez
782 4602 820 4657 de
836 4600 959 4673 Maurici,
979 4600 1069 4655 irater
1089 4600 1233 4659 licentiati
1249 4599 1452 4684 Christophori
1468 4602 1506 4657 de
1524 4603 1583 4659 Μι-

351 4694 427 4753 drid.
