3567 5409
414 480 468 533 400
796 466 1004 523 Mouurruurs
1024 466 1201 523 tonsurans

441 620 492 679 Ad
506 620 686 679 mandatum
700 637 807 679 sacrae
821 620 924 698 regiae
940 621 1110 695 majestatis
1130 624 1301 699 proprium,
1315 664 1318 671 -

541 746 564 804 I.
576 745 684 819 Jonrs.
700 744 749 816 D.,
763 747 1058 805 vicecancellarius·

1150 872 1191 931 M.
1207 871 1456 932 Sinonnnosm.

444 994 518 1055 Cum
532 996 622 1054 tertio
627 993 709 1073 folio
723 994 918 1054 desideratur
932 996 1093 1073 inscriptio
1106 1005 1136 1055 et
1147 995 1293 1074 sigillum.

916 1151 1009 1231 4215
1035 1154 1089 1203 *θ’

580 1273 912 1343 FERDINANDUS
934 1272 962 1355 1,
988 1274 1081 1341 REX
1106 1274 1413 1343 ROMANORUM

718 1387 759 1442 P.
788 1386 988 1446 IGNATIO
1013 1388 1070 1443 DE
1094 1387 1280 1447 LOYOLA

810 1500 928 1541 1111111111
943 1500 960 1555 7
974 1500 1045 1555 ¹1er
1060 1500 1128 1558 1554
1151 1494 1168 1545 ¹.

585 1632 634 1685 Art
646 1631 818 1699 superiores
832 1630 951 1702 ignatii
963 1630 1084 1686 litteras
1096 1630 1229 1704 officioso
1242 1634 1404 1703 responsio.

441 1774 669 1848 Ferdinandus,
693 1777 800 1835 diuina
824 1776 949 1835 fauente
974 1777 1155 1849 clementia,
1182 1796 1394 1851 romanorum,
1421 1778 1606 1855 Hungariae,

381 1881 550 1942 Bohemiae
565 1893 623 1942 etc.
639 1884 718 1942 Rex.

439 1989 651 2064 Honorabilis,
665 1990 820 2069 religiose,
835 1994 927 2052 nobis
942 1993 1067 2052 dilecte.

440 2098 628 2173 Accepimus
642 2099 746 2157 literas
759 2108 839 2171 tuas,
859 2100 1008 2177 vigesima
1028 2100 1159 2174 septima
1181 2100 1232 2157 die
1254 2099 1413 2159 Februarii
1435 2100 1532 2171 datas,
1553 2116 1605 2173 per

371 2202 457 2279 ‘quas
471 2204 571 2275 nobis,
586 2205 672 2280 quod
687 2208 901 2281 maximopere
917 2207 1111 2281 optabamus,
1127 2206 1317 2280 rescripsisti,
1329 2207 1416 2281 quod
1429 2208 1545 2265 scilicet
1555 2224 1604 2266 cu·

350 2298 359 2319 ⁴
377 2322 500 2370 taturus
514 2312 556 2369 sis
575 2313 798 2387 compendium
811 2313 1001 2390 theologiae,
1021 2313 1109 2371 sicuti
1126 2312 1319 2387 petebamus,
1341 2314 1372 2371 in
1389 2315 1447 2372 boc
1468 2314 1603 2391 archigy·

378 2421 495 2479 mnasio
513 2428 620 2479 nostro
639 2420 801 2478 viennensi
816 2420 940 2495 publice
955 2421 1134 2479 docendum
1146 2429 1178 2479 et
1188 2422 1389 2479 ecclesiarum
1404 2421 1435 2480 in
1445 2421 1602 2496 prouintiis

376 2526 490 2585 nostris
503 2527 676 2585 rectoribus
695 2544 738 2585 ex
751 2544 810 2585 usu
830 2526 976 2599 futurum,
991 2545 1009 2585 a
1028 2527 1185 2604 theologis
1198 2535 1269 2586 brae
1284 2526 1448 2587 Societatis
1463 2528 1601 2587 iratribus

377 2634 565 2704 concinnari,
580 2651 712 2709 eamque
726 2635 821 2693 animi
833 2636 876 2693 tui
891 2635 1177 2710 promptitudinem,
1191 2636 1313 2693 eumad
1328 2636 1456 2712 gloriam
1471 2634 1601 2694 diuinam

376 2743 588 2821 maximopere
603 2744 767 2817 pertineat,
781 2750 822 2814 et,
837 2742 907 2800 Deo
922 2744 1003 2800 bene
1018 2743 1153 2813 iuuante,
1168 2742 1206 2801 ad
1222 2742 1351 2802 salutem
1366 2742 1526 2801 multarum
1542 2743 1600 2801 aoi-

375 2866 494 2907 marum
508 2850 548 2907 sit
561 2850 729 2924 profutura,
745 2851 852 2908 merito
868 2850 1015 2923 equidem
1031 2858 1121 2927 grato
1136 2857 1229 2923 atque
1248 2850 1392 2907 clementi
1407 2850 1511 2908 animo
1525 2850 1601 2908 acci·

376 2957 485 3030 pimus,
501 2956 575 3029 quin
590 2956 686 3030 parati
701 2956 793 3014 etiam
806 2973 913 3015 sumus
925 2956 1103 3015 huiusmodi
1117 2956 1202 3032 pium
1213 2955 1352 3014 laborem
1365 2964 1452 3015 tuum
1464 2956 1600 3015 fratrum-

375 3080 438 3137 que
452 3072 575 3122 tuorum
595 3064 729 3141 benigne
749 3080 824 3141 erga
842 3072 873 3121 te
889 3070 921 3122 et
942 3064 1120 3122 vniuersum
1140 3080 1262 3122 sacrum
1281 3064 1421 3122 ordinem
1435 3071 1522 3123 tuum
1536 3082 1599 3143 gra·

374 3171 453 3231 tiose
468 3186 704 3249 recognoscere,
715 3171 859 3245 adeoque
874 3170 986 3229 sedulo
1000 3187 1128 3246 operam
1140 3170 1224 3243 dare,
1240 3178 1273 3229 ut
1288 3170 1396 3229 fratres
1410 3172 1466 3243 tui,
1477 3188 1539 3229 non
1553 3152 1600 3229 so·

374 3280 437 3337 ium
451 3279 501 3336 hic
516 3280 698 3349 existentes,
723 3279 778 3337 sed
797 3279 979 3353 ubicunque
998 3278 1120 3349 suerint,
1144 3277 1370 3354 benignitatem
1391 3271 1598 3337 nostram'nou

374 3386 510 3444 sentiant
527 3386 586 3445 sibi
605 3386 726 3445 deesse.
751 3386 787 3443 ld
806 3386 891 3459 quod
912 3385 951 3443 ad
970 3384 1073 3443 literas
1092 3395 1161 3444 tuas
1182 3385 1320 3462 benigne
1340 3386 1530 3461 respondere
1549 3403 1599 3443 uo·

376 3494 496 3552 luimus.

433 3600 547 3658 Datum
567 3600 598 3657 in
617 3600 745 3659 ciuitate
760 3610 867 3657 nostra
882 3598 1007 3657 Vienna
1027 3599 1078 3657 die
1094 3597 1178 3655 V11.²
1199 3600 1314 3657 mensis
1333 3598 1418 3669 Maii,
1439 3615 1520 3658 auno
1538 3598 1597 3657 -Do

374 3708 447 3765 mini
471 3705 652 3777 MDL11110,
677 3722 845 3783 regnorum
867 3714 1043 3764 nostrorum
1065 3706 1182 3763 romani
1202 3704 1358 3777 xx1111⁰‚
1381 3705 1509 3764 alionum
1528 3722 1597 3764 uero

375 3812 540 3871 XXV1110.

533 3929 558 3987 F
559 3942 771 3987 subinianus.

432 4053 483 4112 Ad
498 4055 677 4113 mandatum
693 4071 799 4113 sacrae
813 4055 917 4131 regiae
932 4054 1100 4129 majestatis
1115 4052 1283 4128 proprium,

504 4180 529 4253 J.
543 4181 643 4253 Jonas
658 4178 679 4239 ³.
694 4179 733 4238 D.
749 4180 1038 4239 vicecancellarius.

1120 4304 1162 4362 Μ.
1177 4304 1407 4363 Sinorrnnossu
1421 4300 1442 4362 ⁸.

428 4462 434 4491 ¹
475 4458 518 4511 Ex
540 4458 701 4529 archetypo
720 4457 750 4511 in
772 4454 874 4511 codice
898 4454 994 4526 Epist.
1016 4456 1151 4527 princip.
1174 4453 1446 4524 (1546-1599),17.πι
1460 4469 1593 4522 monum,

375 4558 385 4599 1
402 4544 453 4602 iol.

424 4621 434 4649 ¹
473 4616 602 4687 Jacobus
616 4618 716 4689 Jonas.

425 4706 436 4738 ³
474 4707 589 4763 Marcus
602 4693 827 4777 Singkhmoser,
840 4706 904 4777 regi
917 4721 1102 4760 romanorum
1117 4722 1134 4758 a
1147 4704 1280 4761 secretis.
