3567 5409
786 487 993 543 Mouuueum
1018 487 1197 543 lenimen

673 722 828 832 xeumn
851 641 1067 831 Aunfflo
1093 764 1293 831 nummu
1397 768 1404 781 ·

786 893 874 935 noun
895 892 930 949 ²9
948 891 1058 934 neuun
1080 891 1149 949 1554
1170 878 1190 936 ¹.

377 1003 481 1075 Longa
493 1004 619 1075 epistola
632 1005 885 1075 supersedendum
896 1004 1060 1065 existimat,
1073 1020 1142 1059 cum
1154 1020 1176 1057 a
1187 1003 1274 1059 euciis
1283 1003 1359 1059 illuc
1368 1003 1515 1068 euntibus,
1525 1022 1597 1075 quae

675 1092 833 1148 scribenda
845 1097 951 1159 munt,
966 1092 1165 1148 meliueecire
1175 1091 1299 1164 poterii.

442 1241 516 1305 Pax
533 1237 590 1306 X?

440 1353 646 1421 Charissime
658 1352 692 1419 in
710 1354 775 1420 X.⁰
795 1357 908 1421 Pater.

441 1470 561 1555 Longa
580 1470 724 1557 epistola
743 1468 1035 1556 supersedendum
1069 1469 1170 1549 duxi,
1201 1490 1280 1535 cum
1314 1468 1412 1537 uiues
1438 1470 1596 1555 epistolas

374 1586 482 1651 multo
493 1585 677 1652 iucundius
688 1584 910 1666 sitisvlecturi,
926 1606 1005 1681 eum
1019 1585 1113 1652 Rdis.
1139 1584 1299 1653 Patribus
1312 1584 1477 1672 magistro
1489 1584 1596 1671 Quin·

373 1700 446 1766 tino
461 1713 497 1767 et
512 1701 612 1769 sociis
622 1703 863 1787 colloquendo,
879 1724 899 1767 a
913 1700 1038 1787 quibus
1051 1700 1168 1782 etiam,
1185 1722 1275 1786 quae
1287 1690 1332 1768 de
1345 1702 1448 1767 rebus
1461 1712 1596 1767 nostrae

371 1817 552 1885 Societatis
563 1817 754 1905 intelligere
767 1818 940 1885 noluerint
952 1829 977 1897 ⁸,
992 1816 1104 1883 fusius
1118 1816 1326 1905 intelligent.
1340 1814 1428 1883 Aliis
1441 1817 1486 1884 de
1497 1816 1596 1883 rebus

372 1952 431 2017 per
452 1933 663 2001 tabellarium
685 1932 880 2021 propediem
909 1933 1141 2001 discessurum
1168 1932 1335 2023 intelliget
1358 1934 1401 1999 V.
1426 1934 1484 2013 Κ,
1506 1932 1597 2018 prius

371 2068 471 2131 quam
489 2052 553 2115 hae
568 2050 700 2117 litterae
717 2049 932 2135 peruenient,
951 2049 979 2115 si
996 2045 1103 2137 qui[d]
1121 2047 1385 2136 significandum
1404 2048 1519 2114 suerit.

436 2165 508 2230 Nos
527 2186 646 2231 omnes
672 2165 951 2232 commendamus
979 2162 1156 2233 exanimo
1183 2160 1395 2231 orationibus
1416 2165 1460 2233 V.
1490 2164 1531 2231 R.
1561 2176 1594 2231 et

369 2278 511 2345 aliorum
527 2281 670 2346 fratrum
686 2291 898 2346 nostronum.

436 2397 564 2463 Romae
579 2415 601 2478 4
617 2397 776 2464 calendas
792 2395 920 2481 Aprilis
941 2411 1039 2479 1554.

437 2514 630 2598 Inscriptio.
648 2512 814 2580 Louanio.
834 2516 936 2580 Mtro.
957 2512 1122 2580 Adriano.

986 2698 997 2767 Ι

579 2816 720 2883 PATRI
739 2691 1116 2902 JA0013043Z1N10
1135 2800 1199 2882 'Ex
1223 2816 1376 2883 COMM.

793 2941 879 2984 noun
895 2942 930 2997 29
943 2942 1052 2984 neuen
1066 2942 1134 2999 ¹55⁴
1147 2936 1165 2987 ¹.

368 3060 488 3114 Mortuo
502 3060 649 3114 Silvestre
665 3055 814 3121 heudino,
830 3054 940 3109 Gomes
957 3072 992 3108 ex
1009 3054 1132 3111 Corsica
1153 3056 1293 3111 Genuam
1312 3058 1532 3113 uocatum-De
1545 3074 1594 3130 ge·

417 3149 524 3202 nuensi
535 3147 662 3218 collegio
673 3151 743 3218 apte
755 3146 982 3203 munitionen-
989 3146 1084 3201 Plura
1098 3161 1134 3199 ex
1153 3144 1320 3215 Tarquinio
1330 3146 1405 3200 neira
1415 3148 1542 3218 poterit.

435 3296 506 3359 Pax
522 3292 665 3358 Christi.

432 3407 643 3475 Resciuimos
659 3408 708 3472 las
723 3406 768 3473 de
784 3408 828 3474 V.
848 3408 888 3472 R.
908 3406 951 3474 de
969 3423 1010 3471 22
1028 3406 1083 3471 del
1102 3415 1275 3490 presente,
1298 3427 1361 3471 con
1384 3406 1415 3470 la
1438 3406 1482 3470 de
1504 3406 1590 3472 Cer·

364 3546 448 3610 sega
462 3524 505 3590 de
522 3526 624 3589 Mtro.
645 3523 782 3588 Manuel
798 3522 824 3600 ',
843 3528 863 3587 ά
884 3520 986 3605 quien
1010 3542 1046 3587 se
1067 3524 1111 3586 ha
1131 3521 1252 3585 scritto
1272 3542 1333 3605 por
1354 3522 1499 3587 muchas
1519 3526 1591 3587 vias

363 3659 528 3726 peraque
545 3637 871 3723 vengaeGenoua‚
891 3658 934 3723 ya
951 3658 1018 3721 que
1033 3635 1076 3702 de
1099 3637 1168 3702 don
1191 3635 1357 3704 Siluestro
1377 3635 1464 3702 Dios
1484 3638 1529 3703 N.
1552 3637 1588 3704 S.

363 3756 408 3819 ha
424 3753 612 3838 dispuesto,
630 3752 812 3817 sacdndole
833 3752 876 3816 de
896 3750 1055 3836 Cdrsiga‚
1080 3772 1159 3835 para
1184 3752 1291 3835 mejor
1312 3752 1410 3835 lugan
1430 3771 1498 3833 que
1519 3750 1589 3817 Ge·

363 3892 464 3936 noua.

343 4025 348 4040 ι
429 3987 481 4051 De
502 4005 617 4051 nueuo
642 3982 737 4047 inhio
762 3987 840 4065 aqui
867 4002 934 4047 vna
956 3982 1052 4060 letra,
1074 3982 1107 4046 ia
1129 3982 1207 4065 qual
1233 3983 1275 4049 V.
1304 3984 1344 4047 R.
1372 3982 1403 4048 le
1427 3982 1589 4049 mandari

361 4098 482 4166 inbiar.

375 4232 568 4240 ——--—-..-

414 4314 426 4338 ³
465 4296 609 4351 voluerim
625 4313 679 4351 me.

413 4481 419 4509 ¹
460 4478 502 4531 Ex
516 4476 618 4531 codice
632 4474 749 4546 Regem.
765 4470 806 4539 11,
820 4472 871 4526 iol.
885 4472 945 4540 781.

413 4622 420 4650 ¹
460 4621 503 4673 Ex
516 4618 618 4673 codice
633 4598 804 4689 Regesull,
817 4614 868 4671 fol.
879 4614 946 4684 78v.

410 4715 421 4747 ³¹
461 4708 632 4762 Emmanuel
646 4706 766 4761 Gomee.
783 4704 857 4759 Vide
870 4704 1024 4774 epistolam
1038 4712 1222 4775 sequentem.
