3567 5409
1227 20 1779 181 Ἦ

331 540 384 611 548
710 544 920 599 Mouuuuurn
940 544 1119 599 quenum

359 695 495 763 Dilecto
510 695 544 762 in
562 696 626 765 X.⁰
645 696 739 762 fratri
757 698 853 781 Mag.
878 697 1033 765 Antonio
1050 698 1228 779 Boucleto,
1246 697 1416 765 sacerdoti
1434 698 1532 767 eius-

293 812 371 877 dem
389 812 586 891 Societatis,
604 814 749 879 salutem
767 812 802 877 in
819 813 970 880 Domino
987 810 1239 897 sempiternam,

359 929 448 995 Cum
464 942 644 1013 perspecta
660 928 760 993 nobis
774 928 819 995 sit
836 930 927 995 uitae
943 950 982 995 ac
1000 948 1132 994 morum
1156 942 1291 995 tuorum
1316 930 1469 1015 probitas
1491 941 1532 996 et

292 1043 460 1121 doctrina,
490 1065 579 1127 quae
606 1044 701 1110 iuxta
728 1042 991 1111 constitutiones
1015 1056 1152 1113 nostrae
1172 1044 1355 1113 Societatis
1374 1047 1421 1111 ad
1442 1060 1529 1113 uota

293 1158 529 1225 coadiutorum
551 1159 777 1245 spiritualium
800 1161 1020 1226 formatorum
1043 1160 1216 1228 emitenda
1238 1160 1435 1247 requiritur,
1460 1182 1531 1229 nos

293 1274 354 1341 tibi
376 1277 572 1345 facultatem
592 1276 754 1343 emitendi
777 1278 950 1362 praedicta
971 1288 1066 1356 uota,
1090 1278 1377 1363 quandocumque
1400 1276 1475 1359 tibi,
1504 1302 1528 1346 a

292 1394 396 1459 rebus
412 1392 658 1477 temporalibus
673 1391 845 1478 expeditu,
867 1392 1046 1478 placuerit,
1069 1392 1160 1459 etin
1181 1392 1421 1477 cuiuscunque
1442 1416 1527 1480 pro-

291 1508 372 1575 fessi
388 1508 431 1576 de
447 1506 620 1576 Societate
637 1520 766 1589 nostra,
785 1511 841 1577 uel
858 1508 1000 1594 praelati
1016 1520 1113 1577 extra
1129 1508 1348 1588 Societatem,
1363 1508 1527 1577 manibus

291 1623 451 1692 malueris
471 1625 583 1709 (iuxta
605 1626 747 1691 formam
771 1637 885 1692 tamen
907 1624 942 1691 in
970 1624 1276 1691 constitutionibus
1296 1626 1523 1711 expressam),

290 1760 351 1825 per
366 1742 470 1807 hasce
487 1752 622 1807 nostras
638 1740 754 1807 literas
770 1739 993 1808 concedimus
1010 1751 1044 1807 et
1060 1740 1258 1827 elargimur.

356 1857 498 1935 Romae,
515 1855 550 1921 in
566 1856 710 1925 aedibus
726 1868 864 1924 nostrae
880 1855 1075 1936 Societatis,
1093 1857 1248 1925 calendis
1264 1857 1391 1945 Aprilis
1413 1875 1516 1943 1554.

361 1972 506 2038 Titulus.
525 1971 711 2039 Concessio
728 1971 901 2038 facultatis
912 1971 1092 2040 emittendi
1107 1983 1187 2039 uota
1199 1973 1436 2039 coadiutorum
1449 1974 1526 2060 spi-

289 2086 463 2153 ritualium
477 2089 714 2154 formatorum.

556 2382 777 2452 COMITI
813 2260 1250 2451 uliaeltsoutoltto

695 2511 784 2581 norm
805 2510 817 2551 1
841 2510 962 2554 neurus
984 2510 1054 2567 1554
1075 2504 1094 2555 ¹.

386 2626 520 2681 Comiter
531 2632 625 2697 negat
637 2643 667 2679 se
681 2624 806 2681 Nicolao
824 2626 914 2679 Petro
930 2624 1057 2681 Caesari
1068 2642 1183 2679 moram
1194 2640 1304 2698 gerere
1314 2630 1409 2695 potue.

349 2771 456 2837 lllmo.
475 2770 544 2837 mio
560 2770 680 2856 signor
696 2771 751 2836 nel
768 2770 898 2855 Signor
915 2781 1043 2836 nostro.

349 2890 400 2955 La
415 2908 546 2953 somma
563 2886 676 2973 gratia
691 2897 727 2953 et
742 2905 839 2951 arnor
854 2899 976 2953 eterno
990 2897 1058 2952 etc.

350 3004 407 3070 Ho
424 3003 581 3071 riceuuto
596 3002 710 3087 quella
725 3000 760 3066 di
778 3002 821 3069 V.
838 3000 928 3069 Sria.
946 3001 990 3068 de
1007 3018 1051 3083 24
1065 3001 1121 3071 del
1138 3012 1277 3085 passato
1292 3012 1318 3080 ⁸,
1336 3003 1402 3069 che
1418 3010 1519 3086 porta

282 3121 385 3186 Mtr0.
401 3118 610 3204 Collapietro
622 3119 761 3185 Cesare:
772 3126 808 3184 et
820 3126 916 3184 certo
929 3116 961 3182 la
974 3116 1296 3185 raccomandatione
1307 3116 1351 3185 de
1363 3117 1407 3183 V.
1421 3116 1514 3185 Stia.

281 3232 389 3300 lllma.
411 3234 500 3300 saria
516 3244 607 3299 stato
627 3253 724 3299 mezo
743 3231 977 3298 efficasissimo
999 3252 1060 3316 per
1080 3233 1143 3297 far'
1166 3230 1200 3297 io
1220 3242 1351 3315 quanto
1373 3231 1456 3299 fossi
1479 3231 1516 3299 in

281 3350 348 3417 mia
366 3372 481 3429 mano,
498 3361 534 3417 et
550 3361 681 3433 quanto
698 3369 765 3414 con
781 3345 897 3412 buona
912 3346 1124 3413 conscientia
1135 3346 1181 3413 mi
1195 3346 1321 3433 potessi
1333 3348 1517 3417 estendere

281 3487 342 3553 per
359 3467 391 3531 la
406 3464 642 3531 consolatione
658 3462 691 3529 d'
707 3484 785 3529 esso
802 3464 904 3529 Mtro.
924 3461 1146 3547 Collapietro;
1165 3484 1220 3528 ma
1236 3483 1335 3529 como
1347 3462 1408 3543 lui,
1425 3484 1516 3529 mos·

281 3603 320 3647 so
335 3582 379 3647 da
395 3602 457 3647 sua
473 3602 495 3644 o
510 3579 612 3645 altrui
629 3578 817 3656 affettione,
837 3577 1022 3645 ricercasse
1043 3598 1123 3644 cosa
1144 3598 1164 3643 a
1184 3599 1239 3645 me
1261 3599 1330 3644 non
1351 3577 1516 3663 possibile

281 3720 385 3764 sanza
400 3696 589 3783 periudicio
610 3696 666 3763 del
687 3694 806 3760 diuino
822 3694 965 3763 seruitio
982 3706 1017 3762 et
1034 3693 1099 3760 mia
1121 3693 1345 3772 conscientia,
1368 3705 1404 3763 et
1424 3694 1515 3779 peri-

281 3813 357 3878 colo
372 3811 407 3877 di
424 3813 536 3897 quella
553 3812 608 3879 del
624 3831 689 3877 suo
706 3808 837 3897 tigliolo
852 3810 878 3889 ⁸,
898 3816 967 3875 non
983 3812 1086 3877 credo
1101 3810 1152 3877 sia
1172 3820 1300 3876 restato
1320 3810 1512 3877 consolato:

281 3939 508 4013 quantunque
524 3926 675 3995 crederei
688 3928 755 3994 che
766 3927 918 3992 secondo
930 3926 963 3991 la
976 3925 1144 4013 raggione
1155 3924 1293 3991 restassi
1304 3946 1432 4012 capace
1444 3926 1514 3993 che

281 4043 315 4110 io
334 4044 379 4109 mi
398 4045 564 4109 stendeua
581 4054 711 4129 quanto
727 4053 855 4128 poteua
876 4040 1097 4121 estendermi,
1119 4060 1217 4108 come
1238 4040 1262 4105 il
1283 4043 1381 4109 Rmo.
1402 4042 1511 4109 Card.

280 4161 450 4229 Saraseno
466 4160 478 4192 ⁸
496 4170 531 4226 et
557 4162 668 4225 anche
683 4158 708 4224 il
725 4160 824 4225 Rmo.
844 4160 887 4225 de
909 4156 1012 4243 Carpi
1031 4158 1056 4237 ⁸,
1078 4158 1122 4223 cli
1145 4158 1260 4223 hanno
1282 4156 1367 4223 fatto
1387 4157 1420 4223 la
1441 4180 1516 4225 me-

331 4354 346 4380 ²
382 4336 508 4409 pacando
521 4353 577 4393 ms.

331 4501 339 4531 ¹
378 4499 422 4552 Ei
434 4496 537 4552 codice
552 4498 670 4570 Regest.
682 4497 724 4560 11,
735 4495 787 4551 fol.
801 4492 1023 4560 ὅπῃ-(Σαφῶς,
1038 4510 1069 4548 n.
1083 4490 1264 4551 CCCCLVl.

330 4592 342 4622 '
379 4586 524 4643 Octavius
536 4586 659 4643 Caesar.

330 4678 342 4707 ³
379 4677 509 4746 Joannes
523 4677 648 4731 Michael
662 4675 819 4742 Saraceno,
833 4675 899 4730 aliis
912 4662 1081 4732 Sarac'iuus.
1149 4710 1152 4718 ·

329 4768 342 4798 ⁴
378 4764 553 4838 Rod'ulphus
565 4766 637 4821 Pius
649 4763 821 4836 Carpeusia.
