3567 5409
405 497 457 554 226
796 497 1193 556 nonnunnrnlcnrmnr

437 652 505 720 Per
527 651 560 717 la
583 651 722 718 Fnttora
743 671 781 717 se
801 649 916 720 scriue
935 650 1181 719 consolandoln
1199 649 1245 718 N.
1269 651 1311 716 P.
1328 650 1340 684 ⁴
1362 661 1398 717 et
1417 670 1477 736 per
1496 659 1609 716 conto

368 767 458 835 della
474 767 700 854 occupatione
716 786 834 836 nuoua
851 769 863 801 ⁸
879 789 951 834 non
968 765 1051 835 lasci
1068 767 1111 834 V.
1127 767 1167 834 R.
1183 766 1227 833 de
1243 763 1419 854 uisitarila]
1436 767 1470 832 al
1484 763 1605 832 solito.

434 883 536 951 Circa
552 881 576 948 il
591 881 738 970 collegio
754 884 798 952 de
813 885 985 970 Argenta,
1003 882 1062 970 gii
1079 882 1117 948 fu
1132 881 1254 950 scritto
1270 903 1290 949 a
1311 883 1356 951 V.
1380 882 1421 949 R.
1441 883 1454 916 ⁸
1475 882 1543 948 che
1563 880 1606 949 in

368 1001 470 1067 modo
492 1019 644 1068 nessuno
666 995 689 1064 l’
714 997 878 1067 accettasi
903 1000 982 1066 anzi
1008 997 1187 1066 disiacezsi
1214 1008 1336 1084 questa
1362 1017 1443 1065 cosa
1467 1009 1605 1083 quanto

367 1114 509 1203 potessi.

433 1233 465 1299 Α
482 1235 584 1300 Mtr0.
603 1230 812 1301 Aiessandro
826 1233 850 1313 ¹,
869 1231 995 1318 perche
1011 1251 1074 1297 sua
1090 1230 1213 1298 lettera
1228 1230 1248 1298 ὲ
1264 1229 1425 1317 risposta,
1442 1251 1512 1296 non
1538 1249 1605 1295 ac-

364 1347 450 1416 cede
466 1346 648 1435 replicarli,
666 1349 709 1415 ne
726 1367 850 1414 manco
865 1368 887 1413 a
903 1350 1010 1417 Mtro.
1028 1346 1205 1416 Vincenzo
1221 1345 1374 1433 Caprile,
1397 1367 1419 1413 a
1439 1345 1497 1412 cui
1520 1367 1605 1412 ora·

365 1462 449 1530 tioni
465 1465 510 1530 N.
530 1466 571 1531 P.
589 1463 618 1532 si
634 1464 851 1548 racomanda3
870 1473 907 1532 et
925 1473 1056 1549 quanto
1076 1463 1143 1532 alla
1162 1462 1336 1550 dispensa,
1359 1463 1403 1530 V.
1431 1463 1471 1529 R.
1495 1461 1520 1528 li
1541 1461 1605 1528 dia

364 1579 481 1647 buono
496 1577 623 1664 animo,
640 1591 676 1649 et
692 1580 725 1647 lo
739 1561 884 1648 aseicuri
901 1579 992 1646 nella
1007 1600 1070 1647 sua
1084 1577 1314 1648 conscientia.
1396 1619 1402 1628 .

431 1694 532 1762 Altro
548 1716 619 1762 non
634 1715 788 1777 occorre,
805 1715 843 1762 se
860 1715 929 1761 non
947 1693 1238 1762 raccomandarmt
1255 1695 1361 1761 molto
1376 1693 1433 1761 all'
1448 1693 1601 1760 orationi

365 1809 400 1876 di
417 1812 462 1876 V.
481 1811 523 1878 R.

429 1926 490 1996 Sia
500 1929 586 2015 Jesir
602 1929 667 1996 X.⁰
683 1925 719 1993 in
735 1927 830 1994 aiuto
845 1938 881 1996 et
897 1928 997 1994 fauor
1012 1926 1056 1993 de
1072 1925 1165 1992 tutti.
1185 1927 1311 1996 Arnen.

431 2043 485 2112 De
502 2044 611 2111 Roma
627 2061 671 2111 20
686 2044 730 2110 de
744 2045 884 2112 Genaro
905 2059 1002 2128 1554.

429 2160 627 2247 Inscriptio.
647 2160 714 2228 Per
730 2159 754 2226 il
770 2159 810 2226 P.
831 2159 1028 2228 Pelletario.

922 2341 1030 2422 4⁰96

541 2474 683 2542 PATRI
707 2473 923 2542 ADRIANO
948 2474 1145 2542 ADRIANI
1170 2475 1234 2541 EX
1258 2474 1410 2541 COMM.

771 2611 860 2655 noun
874 2596 910 2654 23
922 2610 1069 2666 Jnrrunn
1081 2611 1150 2669 1554
1163 2604 1183 2657 ¹.

360 2726 406 2782 De
419 2724 513 2797 selice
539 2721 673 2780 Olioerii
693 2725 827 2779 adventu
843 2722 1177 2796 gaude-societatis
1190 2722 1267 2798 Jetu
1286 2721 1521 2779 Constitutione
1535 2739 1596 2777 creo

410 2817 545 2882 tempore
566 2812 822 2869 mittentem-De
844 2811 1003 2868 Pictavioe
1023 2813 1207 2869 concellarii
1224 2817 1285 2884 pro
1306 2812 1454 2870 Socielale
1471 2810 1596 2886 officiie,

408 2905 502 2976 deque
515 2903 644 2972 reginae
658 2902 778 2958 Mariae
793 2901 1180 2974 praefiniit-Nuntius
1196 2903 1379 2974 apostolicae
1394 2902 1596 2959 laudatur.-

411 2993 457 3048 De
470 2992 605 3064 Anglicre
617 3007 689 3063 rege
702 2993 798 3046 inulla
812 2991 889 3046 bona
902 2996 1017 3064 sperat·
1029 2991 1186 3065 inprimis
1198 2996 1311 3058 lamen,
1325 2989 1540 3056 inmusulum,
1555 2991 1594 3048 ire

411 3081 544 3136 Domino
563 3097 709 3136 ancoram
730 3083 795 3153 spei
816 3081 1024 3136 collocandam
1045 3098 1107 3137 esse
1126 3082 1301 3138 eicit-De
1322 3085 1444 3152 accepto
1458 3083 1594 3153 munio

406 3169 532 3242 gratias
544 3169 622 3242 agit.
630 3171 706 3224 -De
720 3175 770 3241 spe
784 3167 945 3242 religionis
954 3174 1014 3242 per
1022 3168 1215 3241 Aethiopiam
1224 3174 1254 3225 el
1263 3169 1596 3243 Africnmpropagott·

409 3259 476 3315 dne.
486 3258 562 3314 —De
574 3259 663 3314 sociis
677 3259 815 3314 romanis
826 3263 855 3316 ei
867 3259 905 3315 de
916 3258 1045 3331 collegio
1053 3260 1245 3332 germanico.

427 3389 499 3454 Pax
516 3385 660 3454 Christi.

424 3503 573 3571 Litteras
590 3505 634 3571 V.
655 3505 696 3570 R.
720 3521 759 3591 19
775 3502 977 3572 Decembris
988 3501 1133 3588 scriptas
1143 3501 1353 3590 accepimus,
1370 3513 1407 3570 et
1421 3502 1515 3570 letati
1527 3524 1590 3571 su-

359 3639 437 3686 mus
459 3617 494 3684 in
516 3618 665 3686 Domino
687 3641 755 3684 non
777 3617 995 3686 mediocriter
1016 3618 1061 3685 de
1081 3618 1228 3704 appulsu
1244 3630 1260 3659 ⁸
1281 3615 1393 3686 Patris
1422 3618 1591 3688 Bemardi

357 3733 504 3803 Oliuerii
517 3755 597 3800 curn
613 3733 718 3801 fratre
736 3735 882 3815 Thoma,
895 3733 939 3802 ad
955 3755 1058 3818 quem
1075 3733 1190 3800 mittet
1204 3735 1248 3803 V.
1263 3736 1305 3802 R.
1320 3734 1453 3804 litteras
1465 3733 1521 3800 hic
1532 3734 1588 3802 in·

357 3851 471 3918 clusas
487 3850 513 3915 ¹.
1357 3856 1361 3861 ’

359 3981 556 3994 ..-..-·-—

409 4063 423 4091 ι
459 4047 584 4118 appulso
598 4061 653 4100 ms.

409 4231 421 4262 ⁸
458 4227 534 4282 Vide
548 4226 702 4299 epistolam
717 4225 910 4298 superiorem.

409 4320 421 4352 ⁵
459 4317 594 4388 Episcopi
609 4315 752 4372 Ludovici
765 4315 982 4371 institutionem
996 4317 1140 4388 intellige.

408 4407 419 4440 ¹
456 4407 589 4476 Epistola
601 4409 683 4474 toln.

409 4497 418 4530 ¹
457 4494 625 4550 Alexander
640 4496 661 4550 F
664 4494 765 4565 iacchi,
779 4493 816 4549 de
829 4511 888 4566 quo
902 4494 1038 4562 videatur
1050 4495 1232 4568 ΡοιΛΝουε,
1249 4495 1372 4564 61ινοκ.,
1388 4495 1440 4565 1V,
1451 4494 1501 4552 ⁶3.

410 4639 417 4668 r
456 4639 501 4692 Ex
514 4637 617 4692 codice
631 4639 750 4710 Regest.
766 4637 806 4704 ΙΙ,
822 4637 873 4694 iol.
887 4636 933 4707 37.

406 4731 417 4760 ¹
456 4726 533 4782 Vide
545 4727 700 4799 epistolam
715 4739 796 4796 4100.
