3567 5409
383 494 419 549 68
759 496 966 553 Mouuunurr
990 494 1168 551 Iouerum

911 651 1016 734 3995

409 782 549 849 PATRI
568 782 742 870 JOANNI
766 782 1036 851 FRANCISCO
1059 739 1255 850 riRALDo
1279 782 1342 849 EX
1365 781 1517 849 COMM.

720 920 809 964 nour
832 919 863 978 ¹7
884 919 1065 964 proruens
1087 906 1155 977 1553
1174 910 1194 967 ⁸.

346 1054 390 1108 De
405 1051 639 1107 Laocoon-De
650 1050 795 1123 petitione
807 1052 961 1107 sodalium
975 1054 1194 1127 redemptionis
1210 1052 1429 1124 neapolitanae
1444 1038 1535 1105 iilum
1547 1054 1576 1105 et

396 1142 604 1197 Salmeronem
617 1142 728 1195 edocet:
741 1141 912 1213 exemplum
927 1142 1102 1197 litterarum
1115 1141 1307 1198 mittit-De
1316 1140 1443 1215 collegio
1452 1156 1577 1213 germo-

396 1230 463 1287 nioo
476 1230 750 1301 adjuvando-De
760 1234 907 1302 prospero
921 1248 1026 1286 rorum
1036 1246 1128 1287 cursu
1139 1231 1264 1304 gratiae
1277 1231 1342 1286 Deo
1353 1230 1432 1303 agii.

411 1377 484 1442 Pax
500 1374 641 1442 Christi.

410 1489 624 1559 Charissimo
642 1490 753 1558 Padre
769 1502 804 1559 et
821 1489 968 1558 fratello.

411 1608 468 1674 Ho
485 1606 642 1674 riceuuto
658 1606 772 1691 quella
788 1607 832 1674 de
853 1624 892 1673 10
908 1606 965 1673 del
981 1616 1154 1691 presente,
1173 1606 1241 1675 che
1257 1628 1318 1693 per
1332 1603 1575 1673 commissione

342 1724 397 1793 del
415 1726 456 1790 P.
475 1722 656 1792 Salmeron
673 1721 797 1789 scrisse
812 1722 829 1757 ⁵
846 1723 890 1789 V.
909 1723 951 1789 R.

409 1840 452 1905 Et
467 1848 600 1923 quanto
616 1860 636 1905 a
653 1838 834 1905 Laschano
849 1838 861 1871 ²
879 1838 909 1905 si
925 1838 1029 1907 crede
1044 1840 1112 1906 che
1127 1837 1347 1916 sariintrato
1367 1838 1404 1905 in
1425 1838 1574 1923 qualche

341 1954 546 2047 compngnia
567 1953 603 2020 di
623 1952 760 2023 soldati.
783 1956 839 2023 Un
861 1964 969 2035 certo,
992 1954 1214 2041 cognimento
1238 1956 1356 2022 Atodo
1375 1951 1403 2035 δ,
1426 1974 1573 2041 persona

341 2070 540 2157 principale,
560 2068 632 2136 diri
650 2068 741 2135 forsa
757 2067 792 2136 di
807 2067 868 2150 lui,
887 2091 909 2135 0
920 2070 942 2134 l'
959 2068 1128 2137 indrizarn
1144 2070 1224 2156 quel
1240 2069 1353 2157 spatio
1369 2072 1435 2139 che
1450 2066 1574 2157 perlui

341 2184 371 2254 si
387 2187 570 2253 mandaua.
673 2196 677 2203 '

408 2301 525 2388 Quelli
540 2303 630 2370 della
646 2299 872 2388 ridemptione
887 2303 1004 2368 hanno
1019 2301 1228 2369 demandato
1243 2302 1276 2367 al
1291 2300 1423 2384 nicerte
1438 2302 1474 2369 di
1485 2300 1572 2372 siei-

341 2417 386 2487 lia
402 2421 413 2454 ¹
431 2440 499 2487 vna
514 2438 660 2505 persona
676 2417 780 2484 iidata
796 2438 857 2503 per
873 2415 991 2503 andar’
1004 2438 1022 2482 a
1035 2416 1203 2485 redimere
1214 2416 1239 2483 li
1249 2416 1384 2487 cattini.
1401 2416 1572 2486 nvieerre

341 2536 365 2602 l’
383 2534 514 2603 indn‘zo
531 2556 597 2602 con
613 2555 681 2601 vna
696 2554 759 2602 sua
780 2533 904 2599 lettera
924 2556 945 2601 a
965 2535 1011 2601 N.
1031 2535 1072 2600 P.
1091 2534 1118 2615 ⁴,
1135 2553 1205 2619 cuy
1224 2532 1373 2620 risposta
1392 2533 1422 2600 si
1440 2533 1459 2601 ὲ
1476 2554 1572 2601 man·

342 2651 422 2719 data
446 2652 470 2717 l'
497 2651 584 2718 altro
605 2649 738 2730 sabato,
763 2648 897 2716 benche
918 2662 1081 2717 staranno
1107 2668 1275 2736 suspense
1296 2649 1408 2717 insino
1431 2671 1452 2716 a
1474 2659 1571 2718 tento

342 2768 413 2835 ch'l
444 2766 557 2835 vicere
581 2764 604 2832 li
629 2764 728 2833 anisi.
753 2766 810 2833 Ma
831 2766 959 2851 perche
980 2763 1095 2832 stiano
1117 2764 1151 2834 le
1173 2765 1246 2832 RR.
1271 2766 1349 2833 VV.
1371 2764 1495 2835 auisati
1516 2767 1572 2834 del

344 2891 533 2951 contenuto
548 2882 638 2949 nella
652 2882 776 2949 lettera
792 2901 854 2967 per
869 2879 893 2946 il
909 2880 1052 2961 vioerre,
1074 2880 1134 2967 qui
1154 2902 1199 2947 va
1218 2880 1251 2947 la
1266 2880 1376 2967 copia,
1395 2892 1572 2967 quantun-

344 3022 411 3087 que
428 3020 499 3065 non
515 3000 591 3065 sarri
607 2996 806 3084 espediente
821 2999 887 3064 che
903 2995 932 3065 si
948 2996 1068 3065 mostri
1083 3018 1104 3063 a
1120 2997 1194 3064 loro
1212 2996 1325 3065 insino
1347 3018 1368 3064 a
1389 3008 1487 3065 tanto
1506 3000 1572 3066 che

343 3114 392 3203 gli
409 3115 441 3181 la
457 3112 573 3180 mandi
589 3110 613 3178 il
629 3112 759 3180 vicerre
778 3114 803 3182 ⁸.

409 3229 458 3299 Mi
473 3230 645 3297 rincresce
660 3230 717 3295 ch'
735 3228 836 3297 habia
853 3250 955 3315 perso
970 3238 1067 3296 tanto
1083 3240 1199 3318 tempo
1215 3230 1239 3297 il
1255 3231 1295 3296 Ρ.
1310 3231 1374 3301 Dr.
1391 3230 1570 3299 Salmeron

341 3368 401 3433 per
417 3346 442 3412 il
458 3342 605 3433 collegio
626 3344 838 3431 germanico,
865 3345 1001 3413 benche
1022 3367 1092 3413 non
1112 3367 1176 3414 son
1197 3346 1286 3433 persi
1306 3346 1330 3412 li
1351 3345 1443 3433 passi
1461 3344 1572 3414 nostri

342 3460 461 3529 auanti
490 3459 599 3542 iddio,
628 3471 855 3547 quantunque
879 3460 904 3525 l'
928 3460 1045 3529 effecti
1070 3462 1256 3531 desiderati
1282 3483 1350 3530 non
1378 3460 1570 3548 sequitano,

340 3576 463 3666 poiche
478 3579 501 3643 l'
518 3575 695 3646 essercitio
715 3575 804 3643 della
819 3574 950 3643 chariti
966 3599 1037 3644 non
1053 3598 1097 3664 po
1112 3576 1218 3648 esser'
1234 3600 1337 3648 senza
1353 3599 1418 3646 suo
1433 3576 1566 3647 merito.

342 3696 413 3761 Pur
435 3714 535 3780 spero
559 3695 623 3763 che
647 3692 750 3761 etiam
774 3692 809 3758 in
833 3702 957 3778 questo
982 3714 1066 3762 caso
1090 3694 1120 3760 si
1141 3694 1266 3763 uederi
1288 3696 1313 3760 l'
1335 3697 1454 3763 effetto
1480 3693 1569 3761 della

338 3808 528 3897 diligentia.

404 3924 506 3993 Circa
521 3927 546 3991 l’
564 3925 649 3994 altre
664 3944 745 3991 cose
762 3944 831 3990 non
847 3926 975 3991 accade
990 3924 1173 4011 particolar
1188 3926 1346 4014 risposta,
1361 3947 1399 3993 se
1415 3946 1486 3993 non
1502 3927 1568 3993 che

340 4077 550 4087 ψ-

392 4158 403 4183 ·
440 4156 538 4212 scrissi
552 4172 569 4211 a
582 4173 638 4214 ms.
677 4158 727 4200 ..b
749 4154 810 4223 Sic;
817 4154 904 4228 forte
919 4155 1049 4211 Atondo.

341 4290 551 4302 ——-———-

393 4376 401 4404 ¹
440 4372 484 4425 Ex
497 4368 598 4425 codice
613 4370 731 4442 Regesr.
747 4366 854 4433 1!,f01.
872 4381 914 4438 17.

390 4464 401 4495 ²
439 4458 633 4514 Sebastianus
646 4458 684 4514 de
699 4458 844 4527 Lazcano,
855 4457 896 4513 'de
909 4473 967 4530 qno
981 4458 1093 4513 mentio
1105 4476 1194 4531 supra
1206 4458 1284 4516 facta
1297 4471 1355 4516 est.

392 4552 403 4583 ³
441 4548 680 4621 JoannesVege.

392 4640 404 4673 ⁴
453 4636 551 4707 Epist.
568 4636 692 4703 Mixine,
706 4634 758 4707 111,
771 4635 903 4706 605·607.

391 4726 402 4759 ¹
440 4724 515 4781 Vide
529 4726 684 4797 epistolam
696 4722 778 4795 3979.
