3567 5409
443 436 497 506 658
813 440 1027 494 tionuuax‘ra
1048 439 1231 496 1111111111

409 593 505 658 molti
521 614 631 659 sonno
648 594 715 658 mal
732 592 865 657 fundati
882 591 917 659 in
934 590 1169 678 granimatica3
1190 613 1252 676 pur
1269 593 1323 658 col
1342 606 1456 679 tempo
1471 595 1603 680 spetiano

409 709 636 777 riusciranno.
659 709 696 777 S'
721 707 798 775 altri
819 708 924 773 buoni
947 707 1113 794 suppositi
1136 710 1385 787 occurressino,
1412 710 1456 776 V.
1482 712 1517 777 R.
1539 712 1604 778 auisi

408 825 496 891 delle
512 846 575 891 sue
591 825 691 910 parti,
710 839 745 891 et
761 826 791 891 s’
808 822 933 909 aspetti
950 824 981 889 la
998 822 1157 909 risposta,
1175 825 1302 909 perche
1319 844 1385 891 con
1407 838 1520 910 questo
1533 827 1604 893 buon

408 960 566 1019 numero,
580 942 646 1006 che
659 942 781 1008 adesso
798 940 829 1017 t»,
845 940 911 1004 ben
928 938 956 1005 si
971 942 1039 1025 pult
1051 950 1214 1025 aspettar,
1234 938 1393 1006 massime
1409 961 1477 1006 non
1487 944 1605 1009 essendo

409 1058 536 1123 leeose
553 1054 732 1141 temporali
749 1067 875 1140 troppo·
887 1054 1049 1121 stabilite.
1362 1128 1372 1149 .

476 1172 573 1237 Della
591 1170 841 1255 perseeutione,
860 1168 1025 1236 suscitata
1042 1190 1062 1233 a
1084 1170 1126 1236 V.
1146 1172 1187 1237 R.
1207 1192 1267 1255 per
1283 1170 1305 1235 il
1322 1183 1422 1236 santo
1445 1170 1545 1237 officio
1557 1174 1607 1238 che

409 1290 453 1352 ha
470 1289 557 1352 fatto
574 1286 608 1352 di
626 1288 687 1352 lar'
705 1287 878 1371 castigare
895 1286 1008 1370 quello
1022 1286 1187 1367 heretico,
1206 1308 1275 1354 non
1292 1287 1365 1355 eda
1385 1287 1606 1374 marauigliare‚

408 1416 442 1475 et
459 1406 479 1470 ἐ
494 1424 574 1469 cosa
587 1405 692 1469 molto
704 1416 802 1469 vsata
815 1402 894 1471 delli
913 1402 1002 1469 santi
1018 1400 1079 1467 far'
1095 1405 1184 1471 bene
1201 1414 1235 1470 et
1251 1403 1339 1489 patir
1354 1403 1455 1473 rnale.
1470 1404 1530 1487 Pur
1540 1405 1609 1471 deur.

408 1518 499 1586 auer’
522 1520 644 1605 grand’
668 1519 783 1585 animo
805 1519 849 1585 V.
869 1519 926 1597 R.
950 1540 1048 1587 come
1064 1520 1168 1586 credo
1188 1518 1325 1593 habbia.
1348 1519 1451 1586 etiarn
1473 1520 1608 1603 usquead

408 1635 610 1720 sanguinem
628 1657 689 1721 pro
705 1634 762 1702 X.i
778 1634 887 1720 gloria
905 1634 1195 1720 profundendum,
1214 1644 1248 1702 et
1264 1634 1491 1721 ricognoscer'
1508 1635 1526 1701 il
1541 1636 1610 1703 hene

408 1750 535 1836 doppio
551 1751 586 1818 in
604 1751 666 1816 sar'
684 1764 719 1819 et
734 1750 854 1836 parire.
876 1748 972 1817 Beati
986 1748 1077 1815 enim
1100 1749 1157 1836 qui
1174 1752 1447 1835 persecutionem
1464 1750 1611 1837 patiuntur

408 1877 547 1951 propter
571 1866 735 1933 iustitiam
763 1869 799 1945 ¹⁰,
826 1878 861 1933 et
884 1864 1127 1951 specialnrente
1150 1888 1211 1951 per
1231 1868 1264 1932 la
1288 1866 1518 1951 relligione-et
1538 1866 1611 1931 culto

408 2003 489 2048 vero
504 1984 547 2047 de
564 1982 715 2060 Christ0,
734 1982 801 2049 Dio
817 1994 851 2049 et
868 1980 988 2067 signor
1005 1993 1134 2047 nostro

474 2097 537 2163 Del
554 2098 767 2183 predicatore
784 2100 848 2163 che
865 2093 994 2165 ricerca
1010 2099 1041 2164 la
1058 2096 1176 2183 regina
1193 2097 1227 2162 di
1245 2095 1401 2163 Pollonia
1416 2101 1453 2179 ¹¹,
1467 2120 1502 2164 se
1512 2097 1539 2163 oi
1554 2098 1610 2161 lus-

408 2214 450 2296 si,
469 2214 556 2282 saria
573 2224 671 2280 santa
684 2235 800 2298 opera.
819 2235 956 2281 marion
969 2211 1144 2299 sappiamo
1158 2213 1213 2279 noi
1230 2214 1289 2279 ehi
1307 2212 1434 2299 potessi
1453 2212 1609 2279 mandarsi.

410 2332 455 2397 Se
472 2331 507 2395 di
523 2331 554 2395 la
574 2343 730 2408 trouano‚
749 2332 792 2395 N.
813 2331 854 2395 P.
873 2329 1067 2395 facilmente
1084 2328 1112 2395 si
1128 2328 1270 2395 laseiarri
1286 2330 1501 2413 persuadere.

473 2449 526 2513 De
544 2448 574 2513 la
588 2457 723 2531 passata
739 2444 773 2511 di
787 2448 831 2511 V.
847 2446 887 2511 R.
904 2446 936 2511 al
952 2444 1099 2529 collegio
1111 2444 1330 2511 archiducale
1346 2458 1380 2511 et
1396 2446 1453 2513 del
1469 2446 1613 2511 decanato

319 2557 325 2567 ’
407 2564 494 2629 della
513 2563 639 2628 saculta
655 2562 690 2626 di
709 2559 896 2646 theologia,
912 2560 1027 2644 voglia
1044 2560 1138 2626 lddio
1153 2562 1198 2627 N.
1217 2562 1254 2630 S.
1274 2563 1340 2627 che
1357 2584 1400 2629 ne
1413 2560 1534 2648 segniti
1548 2560 1611 2624 rnol·

408 2692 443 2745 to
460 2678 603 2747 seruitio
617 2689 652 2743 et
669 2679 769 2742 laude
785 2698 848 2742 sua
868 2676 904 2745 ¹⁸.

475 2796 499 2859 ll
517 2794 648 2860 fratello
657 2796 763 2880 Jonas
775 2804 828 2858 sta
841 2793 968 2857 malato
980 2792 1024 2858 de
1037 2804 1130 2859 certa
1143 2792 1303 2858 infirmitti
1317 2796 1382 2858 elie
1395 2808 1516 2861 teneua
1529 2791 1612 2863 costi,

407 2922 441 2979 et
454 2910 475 2974 li
489 2911 509 2974 ὲ
521 2909 742 2994 sopragionta
756 2908 851 2991 febre
864 2918 1013 2973 terzana.
1042 2891 1069 2973 E
1086 2906 1274 2973 bonissimo
1287 2906 1448 2993 giouane.
1465 2908 1526 2975 Dio
1537 2908 1574 2972 N.
1586 2906 1613 2972 S.

407 3026 440 3091 lo
464 3025 656 3091 restituisca
680 3025 744 3089 alla
765 3024 875 3090 sanitti
898 3024 1084 3108 corporale,
1111 3044 1149 3090 se
1169 3023 1246 3089 sari
1262 3024 1440 3109 spediente
1457 3036 1471 3064 ⁶
1495 3046 1547 3110 per
1564 3043 1615 3087 suo

407 3142 566 3227 maggior
586 3140 740 3206 seruitio.

475 3260 621 3324 Hermes
641 3258 664 3289 ¹³
682 3256 795 3322 studia
812 3257 901 3321 bene
916 3269 951 3322 et
968 3257 1001 3322 fa
1018 3258 1136 3335 lrutto,
1155 3268 1189 3323 et
1206 3259 1225 3323 ἐ
1242 3258 1335 3321 buon
1352 3256 1511 3342 giouane.

475 3374 622 3445 Michael
642 3376 666 3406 ¹⁴
682 3386 735 3438 sta
757 3372 790 3436 in
807 3372 923 3439 Sicilia
939 3384 974 3438 et
992 3373 1014 3436 l'
1038 3374 1080 3439 ha
1101 3374 1263 3445 assaltato
1280 3371 1302 3437 il
1319 3394 1383 3438 suo
1400 3374 1467 3439 mal
1483 3368 1614 3446 vecchio,

407 3492 459 3556 col
476 3492 576 3574 quale
592 3510 691 3557 casca
709 3488 744 3553 in
763 3501 864 3569 terra,
882 3489 1030 3555 comedi
1048 3490 1116 3554 mal
1132 3490 1278 3569 caduo‘o;
1296 3499 1331 3556 et
1346 3487 1424 3555 dice
1445 3491 1553 3555 soleua
1569 3508 1614 3573 pa·

408 3615 606 3637 4—---

460 3701 472 3728 c
509 3685 667 3756 ispidiente
686 3702 744 3738 ms.

453 3866 474 3897 ²⁰
511 3868 651 3935 lima„
666 3866 703 3933 V,
721 3878 762 3923 ιο.
777 3866 862 3931 Rem,
877 3863 915 3919 de
928 3882 985 3937 qua
998 3864 1046 3919 hic
1059 3864 1166 3935 agitur,
1182 3865 1309 3937 explieat
1321 3865 1501 3935 Polaticus»,
1514 3862 1617 3923 0111111..

407 3956 460 4025 IV,
474 3969 537 4023 245,
551 3973 638 4027 quern
652 3957 719 4025 lege
733 3957 774 4010 sis
787 3972 855 4009 curn
867 3953 1109 4009 annotationibus
1121 3954 1189 4009 huic
1202 3956 1266 4009 loco
1280 3954 1434 4024 subjectis.
1631 3952 1636 3967 ¹

453 4046 470 4077 '¹
510 4044 678 4109 Catharina,
693 4042 870 4097 Ferdinandi
884 4045 896 4097 l
910 4043 979 4100 lilia.
996 4044 1264 4113 enumerans,
1283 4062 1330 4115 op.
1344 4044 1408 4113 cit.‚
1422 4062 1488 4116 pag.
1502 4044 1559 4113 460.

454 4137 475 4167 ¹²
512 4134 625 4204 «Aprili
643 4152 745 4189 mense
759 4134 792 4187 P.
811 4132 948 4188 Canisius
966 4134 1079 4187 electus
1097 4132 1154 4187 fuit
1167 4133 1304 4187 Decanus
1324 4132 1470 4189 facultatis
1485 4130 1618 4199 ’1111011ςί-

405 4242 468 4294 cae,
483 4241 549 4278 curn
564 4234 644 4277 esset
657 4224 686 4277 in
701 4222 888 4277 Arehlducali
905 4221 1050 4292 Collegio,
1064 4221 1114 4275 ubi
1128 4238 1236 4293 paucos
1250 4240 1400 4279 menses...
1415 4223 1499 4278 fuir.»
1517 4222 1618 4277 Porri·

406 4326 478 4379 CUS,
495 4312 620 4377 chron,
636 4314 687 4378 lV,
703 4314 764 4380 246.

451 4404 473 4434 ¹³
510 4404 620 4456 Rornae
643 4404 838 4456 versabantur
860 4400 890 4453 hi
912 4400 1047 4469 juvenes,
1074 4402 1165 4469 Jonas
1189 4398 1317 4455 Adlerus
1340 4408 1370 4455 et
1393 4402 1517 4455 Hermes
1535 4395 1619 4454 Carin-

407 4492 525 4547 thius·
764 4488 767 4491 ’

454 4583 475 4614 ¹⁴
513 4581 646 4652 llichail,
662 4597 853 4649 «germanion
865 4578 932 4633 sive
948 4578 1122 4633 ‹ithedeseou
1136 4578 1243 4633 dictus
1256 4579 1439 4647 POLANCUS,
1451 4578 1546 4634 Cliton
1559 4574 1618 4642 ‚1V,

411 4672 472 4737 196.
