3567 5409
471 374 485 413 Χ

573 486 677 544 Ernst.
695 485 850 554 4408-38
869 487 997 541 Annius
1019 496 1088 554 1554
1354 482 1407 552 647

213 644 312 728 potra
327 641 365 709 S.
384 640 472 710 Sria.
492 642 655 708 mandare
670 640 703 706 al
717 639 814 707 detto
828 639 1086 718 ambasciam,
1105 649 1140 707 et
1157 637 1333 707 intendere
1348 639 1443 724 quel·

212 757 251 823 lo
265 776 368 842 sopra
383 755 437 824 cio
454 758 500 823 ha
521 757 618 843 fatto,
636 766 672 823 et
688 756 780 841 dopo
803 756 900 842 potrrl
926 755 997 821 tare
1018 754 1151 822 auisare
1174 753 1233 839 qui
1249 753 1363 839 quello
1383 774 1441 819 oc-

213 872 366 955 currera,
384 871 480 939 accio
495 872 524 939 si
545 872 598 939 usi
618 870 798 957 diligentia
814 872 880 939 che
895 871 992 937 detto
1009 869 1207 955 monsignor
1226 869 1305 937 resti
1323 869 1442 937 inden·
1463 898 1464 906 ¹

213 1010 260 1054 ne
274 988 318 1057 de
335 990 393 1055 tal'
412 987 542 1075 obligo.
1329 996 1333 1005 '

282 1105 486 1171 Haueuarno
506 1103 614 1190 prima
634 1102 745 1169 inteso
770 1102 829 1188 qui
851 1104 908 1168 dal
931 1104 970 1169 P.
998 1102 1110 1169 Olaue
1132 1101 1155 1167 il
1175 1101 1357 1187 naufragio
1377 1103 1442 1168 che

213 1222 329 1289 secero
345 1219 368 1285 il
391 1220 430 1285 P.
450 1221 551 1286 Mtro.
569 1218 715 1286 Michele
736 1229 772 1286 et
793 1218 816 1284 11
838 1218 971 1285 fratello
992 1217 1146 1284 Henrico
1163 1218 1188 1297 ⁴,
1211 1228 1247 1285 et
1266 1214 1323 1301 girl
1347 1217 1443 1283 detto

214 1336 369 1404 Henrico
382 1336 499 1402 arriuo
514 1344 535 1402 3
552 1334 716 1422 Perugia.

281 1453 422 1537 Quanto
450 1451 481 1518 al
504 1463 624 1537 potere
652 1451 718 1518 alle
746 1451 839 1517 uolte
866 1452 911 1515 V.
938 1451 979 1516 R.
1010 1449 1158 1535 sopplire
1181 1450 1246 1517 alla
1269 1450 1377 1517 classe
1400 1450 1443 1514 de

215 1570 322 1635 Mtro.
340 1566 495 1634 Arnoldo
512 1569 524 1601 ³
540 1588 561 1630 o
576 1566 676 1644 altra,
694 1566 753 1651 qui
772 1587 854 1651 pare
869 1566 959 1633 bene
974 1566 1041 1632 che
1058 1566 1100 1632 V.
1121 1567 1162 1633 R.
1184 1564 1219 1631 lo
1240 1567 1385 1645 facesse3
1409 1578 1442 1631 et

214 1683 378 1751 hauendo
393 1681 429 1748 di
445 1703 560 1750 essere
575 1693 690 1768 presto
707 1681 795 1749 costl
812 1681 836 1745 11
854 1682 893 1748 P.
915 1682 1017 1750 Mtro.
1036 1682 1180 1749 Alberto
1193 1682 1219 1759 ⁰.
1239 1678 1324 1771 [per]
1346 1688 1443 1765 poter

213 1798 302 1864 bene
317 1796 466 1884 sopplire
480 1795 536 1863 all’
553 1796 668 1863 officio
679 1797 723 1865 de
739 1797 930 1877 sacerdote,
949 1797 992 1863 V.
1013 1798 1052 1862 R.
1073 1795 1200 1865 haueral
1218 1794 1275 1881 pin
1291 1816 1442 1861 commo·

213 1914 285 1981 dita
301 1913 336 1979 di
351 1914 530 1981 attendere
546 1936 566 1979 a
580 1924 716 1997 questo,
734 1932 839 1978 senza
854 1912 998 1979 lasciare
1015 1916 1097 1997 pero
1114 1910 1135 1976 l'
1152 1912 1251 1978 altro.

281 2029 381 2096 Circa
402 2028 425 2093 il
443 2029 574 2095 fratello
594 2027 772 2095 Giouanni
793 2026 969 2094 Bonifacio
987 2028 1028 2094 V.
1043 2028 1083 2094 R.
1108 2027 1157 2113 gli
1173 2028 1270 2112 potra
1288 2026 1361 2093 dire
1377 2028 1442 2093 che

214 2145 355 2212 attenda
371 2166 392 2210 a
408 2166 542 2224 sanare,
559 2157 595 2211 et
611 2145 700 2231 dopo
716 2143 851 2211 basteri
866 2142 975 2209 faccia
991 2144 1106 2227 quello
1120 2146 1184 2209 che
1202 2143 1311 2229 potrA,
1328 2154 1395 2208 etc.

275 2263 329 2329 De
345 2262 453 2327 Roma
469 2262 511 2326 28
528 2261 572 2328 de
588 2260 707 2345 Aprile
728 2276 826 2343 1554.

282 2378 478 2461 Inscripho.
498 2378 530 2442 A
548 2375 708 2460 Vinegia.
728 2347 881 2443 A'Mtro.
902 2376 1039 2441 Cesare.

792 2565 898 2646 44118

506 2690 646 2756 PATRI
666 2690 841 2777 JOANNI
867 2689 1161 2756 PELLETARlO

628 2816 715 2859 notra
736 2802 770 2857 28
790 2788 911 2858 annius
927 2816 994 2873 ¹554
1009 2804 1029 2861 ¹.

394 2932 481 2986 Scire
494 2937 562 2986 avet
577 2937 680 2985 utrum
695 2931 816 2986 litterae
828 2934 927 3002 nuper
939 2932 1049 2985 missae
1059 2930 1265 3001 pervenerint.

285 3078 356 3143 Pax
372 3076 513 3142 Christi.

285 3194 324 3259 L'
342 3192 464 3258 ultime
480 3195 544 3259 che
559 3192 744 3259 habbiamo
759 3193 803 3258 de
821 3194 864 3259 V.
880 3193 922 3258 R.
940 3212 1025 3258 sono
1037 3192 1080 3257 de
1095 3208 1112 3275 5
1126 3190 1182 3258 del
1195 3202 1364 3278 presente,
1380 3191 1444 3255 alle

216 3308 310 3393 quali
326 3308 354 3374 si
372 3308 390 3374 ὲ
408 3318 561 3394 resposto
577 3330 638 3394 per
659 3310 757 3389 altre,
775 3311 839 3374 che
860 3308 926 3376 alle
944 3326 983 3375 21
1003 3330 1040 3375 se
1056 3308 1105 3391 gli
1121 3306 1295 3386 scrisser0,
1321 3316 1356 3373 et
1378 3326 1442 3371 con

215 3445 292 3491 esse
312 3423 341 3491 si
365 3425 491 3492 mando
511 3446 580 3490 vna
603 3425 659 3491 del
685 3427 725 3492 P.
751 3424 903 3491 Polanco
928 3446 988 3510 per
1008 3425 1041 3491 lo
1062 3426 1102 3491 P.
1126 3427 1229 3492 Mtro.
1251 3422 1442 3489 Adriano¹.

216 3541 404 3606 Avrenimo
416 3551 429 3580 ⁸
442 3561 522 3608 caro
537 3540 716 3609 intendere
732 3562 769 3607 se
788 3541 844 3607 tali
860 3541 981 3608 lettere
998 3540 1026 3607 si
1043 3562 1127 3607 sono
1144 3540 1311 3617 riceuute‚
1330 3548 1396 3604 etc.

282 3655 327 3723 Di
343 3657 454 3724 Roma
470 3657 512 3723 28
529 3656 572 3723 de
586 3656 705 3742 Aprile
723 3672 819 3740 1554.

284 3772 480 3858 Inscriptio.
500 3775 533 3839 A
550 3776 652 3841 Mtro.
673 3772 865 3841 Pelletario.
885 3774 918 3839 A
931 3774 958 3839 F
960 3794 1085 3841 errata.

269 3993 283 4020 ⁸
320 3976 459 4032 Hariarno
474 3996 529 4035 ms.

270 4170 282 4203 ⁴
318 4167 666 4225 HenricusSommalius.

269 4259 282 4292 ⁸
319 4257 467 4312 Amoldus
481 4258 629 4315 Conchus.

270 4348 282 4382 ⁸
320 4346 352 4403 P.
367 4347 510 4402 Albertua
522 4346 733 4403 Ferrariensis.

271 4494 280 4524 ¹
317 4492 362 4545 Ex
374 4490 476 4546 codice
490 4492 609 4563 Regest.
624 4492 666 4559 II,
681 4490 730 4546 tol.
746 4504 804 4559 97r.

270 4583 282 4616 ¹
319 4581 466 4637 Adrianus
476 4581 637 4639 Candidus.
