3567 5409
783 474 990 541 Monununrn
1014 474 1192 529 lunarum

926 629 1035 710 4⁰39

506 765 660 831 PATER
672 763 888 853 JOANNES
904 762 967 828 DE
985 761 1213 829 POLANCO
1231 764 1293 828 EX
1311 763 1465 832 COMM.

726 886 846 943 PATRI
871 885 1056 958 ADRIANO
1077 886 1246 942 ADRIANI

780 1007 868 1050 noun
887 1008 904 1048 2
915 1007 1063 1061 Jnuunnu
1084 1006 1154 1064 1554
1172 995 1193 1051 ¹.

370 1129 417 1184 De
429 1130 555 1199 collegio
565 1132 745 1204 germanico
757 1132 791 1186 in
808 1130 933 1187 Urbe-
928 1129 1061 1203 juvenes
1071 1148 1209 1195 numero,
1219 1130 1391 1186 eruditione
1403 1148 1440 1186 ue
1447 1133 1559 1203 pictate
1567 1132 1604 1186 in

422 1220 487 1273 dies
500 1218 649 1291 singulos,
661 1220 723 1277 Deo
736 1220 866 1291 auspice,
874 1220 1164 1291 florent—Eisdem
1178 1220 1247 1274 bene
1260 1218 1545 1275 evomitum-Alii
1555 1237 1606 1275 ex·

419 1312 581 1379 petuntur,
593 1310 700 1364 debitis
716 1308 939 1365 conditionibus
955 1308 1243 1367 ornati-Litterae
1258 1308 1540 1368 inditione—Nova
1552 1326 1600 1363 so·

422 1397 538 1453 ciorum
551 1399 670 1453 colonia
683 1399 717 1453 in
728 1398 920 1469 Aethiopiam
933 1398 1118 1453 deducenda.

936 1530 1031 1651 lhis.

439 1730 512 1795 Pax
530 1727 670 1795 Christi.

429 1838 648 1915 ‘Charissirne
665 1844 766 1913 Pater
782 1844 817 1911 in
834 1846 925 1930 Xpo.
938 1847 1035 1933 Jesu.

438 1960 527 2028 Aliis
542 1962 585 2027 de
602 1962 706 2029 rebus
722 1960 852 2027 iussius
867 1960 963 2027 alias·
988 1963 1041 2029 De
1061 1962 1208 2050 collegio
1228 1963 1440 2049 germanico,
1463 1973 1601 2029 nostrae

371 2096 476 2145 curae
496 2076 655 2157 comisso,
678 2078 862 2145 admonere
885 2075 941 2144 his
961 2076 1067 2159 volui,
1090 2077 1181 2163 quod
1203 2077 1238 2142 in
1262 2076 1337 2146 dies
1360 2075 1516 2146 foelicius
1539 2100 1601 2165 per

372 2191 438 2262 Dei
454 2192 599 2275 gratiam
616 2192 783 2279 procedit,
806 2214 845 2260 ac
862 2192 898 2258 in
914 2192 1077 2259 maiorem
1089 2192 1143 2258 sui
1158 2192 1430 2279 expectationem
1452 2214 1517 2261 nos
1532 2194 1601 2263 eri·

372 2308 435 2397 git.
456 2306 624 2377 Videmus
638 2307 729 2375 enim
747 2320 815 2375 tam
832 2328 904 2389 εοε,
923 2308 982 2393 qui
999 2308 1212 2395 theologicis,
1231 2330 1334 2394 quam
1351 2309 1410 2396 qui
1430 2308 1600 2378 inferiori-

371 2428 437 2493 bus
458 2424 646 2511 disciplinis
667 2422 882 2505 incumbunt,
907 2425 1045 2492 assiduo
1064 2424 1251 2494 lectionum
1271 2437 1308 2494 et
1329 2424 1599 2511 disputationum

371 2563 448 2622 vsu,
467 2562 669 2629 progressus
683 2540 719 2607 in
731 2540 854 2609 litteris
867 2540 1034 2607 maximos
1047 2541 1170 2608 iacere.
1186 2541 1353 2609 Videmus
1369 2544 1472 2629 (quod
1489 2541 1600 2629 magis

371 2679 436 2724 nos
452 2657 487 2723 in
504 2657 654 2726 Domino
669 2656 877 2745 consolatur)
894 2656 1045 2723 inbonis
1061 2656 1213 2723 moribus
1229 2670 1263 2726 et
1280 2658 1395 2726 studio
1412 2657 1549 2745 pietatis
1564 2669 1600 2727 et

370 2772 559 2839 christiano
580 2772 696 2859 dignis
711 2772 899 2839 virtutibus
919 2773 1096 2859 proficere,
1120 2784 1153 2840 et
1174 2773 1273 2839 hilari
1293 2772 1407 2840 animo
1427 2783 1601 2861 vtrunque

370 2889 588 2974 praestando,
606 2890 649 2955 ad
666 2888 769 2958 finem
786 2888 850 2956 sibi
867 2888 1076 2956 destinatum
1093 2890 1246 2973 tendere,
1265 2902 1300 2956 et
1315 2890 1359 2957 ad
1376 2912 1454 2958 eum
1477 2912 1601 2957 conse·

371 3004 544 3089 quendum
561 3004 786 3072 concionibus
807 3006 863 3073 vel
884 3004 1100 3073 orationibus
1120 3004 1226 3072 latina
1249 3020 1309 3071 aut
1325 3006 1511 3073 vernacula
1533 3004 1599 3071 lin·

371 3140 441 3206 gua
456 3119 602 3189 libenter
617 3142 655 3189 se
670 3140 842 3189 exercere.
862 3119 1034 3188 Videntur
1049 3120 1117 3187 iam
1132 3132 1167 3189 et
1184 3120 1264 3207 ipsi,
1283 3122 1334 3190 rei
1352 3120 1599 3207 experimento,

371 3234 533 3322 optimam
546 3235 611 3301 sibi
624 3234 835 3321 propositam
852 3234 944 3305 vitae
960 3235 1206 3317 conditionem,
1224 3248 1259 3304 et
1276 3258 1364 3323 quae
1380 3258 1449 3303 non
1466 3248 1601 3305 tantum

370 3350 404 3415 in
421 3371 651 3433 communem,
670 3353 732 3421 sed
751 3351 787 3418 in
812 3352 979 3438 priuatam
1002 3352 1103 3419 etiam
1125 3351 1277 3439 ipsorum
1299 3353 1481 3420 vtilitatem
1497 3375 1601 3439 quam

370 3466 517 3535 maxime
534 3467 714 3548 redundet,
733 3488 934 3555 agnoscere.
949 3470 1023 3535 Nec
1035 3468 1146 3534 solum
1162 3468 1345 3537 Societatis
1360 3479 1498 3535 nostrae
1510 3470 1601 3535 solli·

369 3583 472 3650 citam
490 3583 524 3648 in
541 3583 691 3670 ipsorum
707 3582 925 3651 institutione
941 3582 1155 3663 charitatem,
1173 3606 1294 3652 verum
1310 3596 1346 3651 et
1370 3584 1495 3651 summi
1512 3576 1600 3671 pon-

371 3690 521 3767 tilicis'et
543 3720 755 3766 summorum
778 3700 1002 3767 cardinalium
1019 3698 1110 3785 piam
1130 3697 1167 3765 in
1183 3722 1221 3767 se
1241 3700 1480 3773 liberalitatem
1497 3722 1602 3788 expe·

370 3814 516 3895 riuntur,
542 3836 688 3900 quorum
712 3814 951 3884 beneuolentia
976 3818 1011 3880 in
1035 3815 1109 3882 dies
1129 3828 1163 3882 et
1187 3815 1414 3882 beneficentia
1429 3816 1537 3903 {lsicut
1564 3828 1601 3886 et

371 3931 483 3998 bonus
499 3930 635 4017 collegii
651 3932 746 4017 odor)
763 3942 925 4017 augetur.
942 3928 1070 3997 Etiam
1088 3933 1215 3998 vellent
1232 3931 1365 4016 aliquos
1382 3954 1458 4000 esse
1473 3932 1600 3999 doctri-

371 4066 415 4111 na
434 4056 470 4112 et
492 4046 643 4113 moribus
665 4060 732 4113 tam
758 4060 922 4127 maturos,
945 4057 983 4111 vt
1003 4068 1124 4113 versus
1141 4046 1285 4132 patriam
1306 4068 1386 4113 cum
1408 4048 1601 4115 redditibus

370 4174 404 4230 et
420 4162 647 4247 dignitatibus
660 4162 903 4230 ecelesiasticis
918 4164 962 4229 ad
974 4185 1090 4229 veram
1103 4161 1319 4249 relligionem
1336 4174 1370 4231 et
1386 4163 1451 4231 Dei
1467 4166 1601 4231 cultum

369 4281 659 4363 promouendum,
688 4300 838 4365 suosque
854 4280 889 4346 in
905 4301 947 4347 eo
970 4280 1153 4360 iuuandos,
1186 4278 1313 4347 remitti
1336 4290 1495 4365 possent.
1528 4280 1601 4347 Ali·

369 4394 532 4477 quamdiu
549 4408 663 4463 tamen
679 4396 931 4482 expectandum
952 4394 1029 4476 erit,
1048 4394 1128 4479 quia
1149 4394 1295 4462 iuuenes
1314 4394 1398 4463 satis
1417 4406 1512 4477 sunt,
1536 4417 1600 4464 nec

426 4614 431 4643 ¹
472 4610 515 4663 Ex
528 4612 698 4681 archetypo,
715 4608 746 4664 in
761 4608 832 4665 cod.
852 4608 956 4667 Colon.
970 4609 1029 4678 ΙΙΙ,
1044 4608 1075 4663 ff.
1090 4609 1124 4663 86
1134 4618 1167 4665 et
1178 4608 1223 4677 87.
1240 4610 1345 4664 Exstat
1358 4610 1558 4682 apographum
1571 4609 1602 4667 in

368 4696 470 4753 codice
486 4700 605 4771 Regest.
620 4700 663 4773 II,
673 4698 724 4757 fol.
740 4700 962 4767 25r.-Cartas,
977 4717 1007 4754 n.
1018 4698 1174 4755 CCCClll.
