3567 5409
599 434 704 491 Ense.
723 433 861 504 rue-3
880 436 995 491 Menan
1016 448 1085 507 ¹554
1367 452 1419 509 411

233 584 323 651 lddio
336 586 381 652 N.
401 586 439 653 S.
457 608 478 654 a
498 586 577 654 tutti
598 587 655 654 dia
675 588 786 675 gratia
803 588 838 655 di
859 610 1043 691 conosoere
1064 602 1099 658 et
1120 594 1296 680 esseguire
1318 614 1453 681 sempre

231 722 290 767 sua
303 701 498 769 santissimo
513 703 667 770 volunta.

292 818 346 884 De
362 818 469 884 Roma
486 838 506 903 3
522 820 565 885 de
581 821 699 886 Marzo
719 836 816 905 1554.

374 1124 515 1190 PATRI
534 1123 709 1211 JOANNI
734 1002 1030 1195 ΡΕ4[,2[,2Ε3ΤΑΚΙΟ
1054 1129 1117 1196 ΕΧ
1142 1129 1294 1198 COMM.

655 1251 742 1295 eous
758 1238 899 1296 31an
915 1254 984 1312 1554
1005 1248 1023 1297 ·.

229 1379 340 1435 Caum
348 1383 559 1447 enumeraret>
567 1400 642 1454 quos
652 1389 833 1457 argentomo
842 1384 1005 1457 collegium
1016 1403 1076 1441 non
1088 1386 1208 1443 videtur
1217 1388 1441 1445 admittendum
1444 1406 1456 1457 ;

277 1472 355 1541 quod
365 1472 393 1525 si
401 1472 444 1525 ad
455 1476 573 1543 tempus
585 1472 669 1528 mitti
677 1472 795 1545 aliquot
805 1474 899 1527 socios
910 1476 1111 1530 necessarium
1123 1480 1176 1538 eut,
1192 1478 1319 1547 quinam
1334 1479 1454 1533 mitten-

274 1561 308 1614 di
318 1561 381 1614 sint
398 1561 612 1618 insilient-De
628 1562 803 1617 corrdidutie
821 1562 1099 1634 recipiendis-De
1114 1564 1287 1620 Directorio
1300 1570 1327 1621 el
1341 1566 1455 1622 litteris

272 1666 309 1703 ex
325 1649 514 1707 ludim-De
530 1650 692 1706 Pellelarii
704 1651 993 1710 concinendum-De
1012 1652 1175 1709 Francisco
1195 1654 1453 1724 Scipione-Do·

271 1754 338 1793 mue
348 1756 481 1793 romono
490 1740 627 1794 aliarum
638 1740 808 1809 adjectione
816 1741 1124 1813 amplificatum-De
1131 1741 1223 1797 Fabio
1233 1748 1262 1799 el
1272 1744 1452 1801 Sacrator-

275 1826 394 1898 Coquus
405 1828 711 1886 conducendum-De
727 1830 1309 1901 Desperatum-Doquadrimeslribus
1325 1835 1453 1906 acceptis

272 1921 300 1971 el
312 1918 350 1971 de
362 1916 532 1973 Frassonne
543 1918 665 1973 litteris.

289 2064 361 2129 Pax
378 2061 435 2129 X.i

160 2264 169 2271 ι
286 2178 351 2245 Per
365 2180 479 2263 quelle
491 2180 535 2248 de
550 2180 593 2245 V.
615 2182 654 2247 R.
674 2181 717 2247 de
738 2197 775 2264 15
793 2191 827 2249 et
845 2200 886 2247 22
904 2183 958 2249 del
976 2191 1124 2267 passato,
1142 2180 1285 2248 insieme
1310 2182 1448 2250 riceuu·

220 2308 264 2372 te,
282 2296 328 2360 ha
344 2294 457 2361 inteso
474 2296 519 2364 N.
540 2297 579 2361 P.
599 2273 630 2361 le
646 2296 777 2362 istanza
794 2296 903 2364 chesi
921 2296 967 2379 la,
986 2296 1081 2365 accio
1101 2295 1130 2364 si
1147 2296 1308 2364 mendino
1329 2298 1447 2365 alcuni

219 2410 297 2475 delli
320 2410 428 2477 nostri
451 2410 485 2476 in
512 2412 670 2497 Argenta
694 2412 724 2492 ¹;
745 2426 780 2479 et
801 2436 821 2479 a
842 2426 966 2497 questo
987 2424 1094 2499 ponto
1115 2434 1175 2500 per
1196 2412 1382 2480 comisione
1411 2414 1447 2480 di

218 2526 312 2594 detto
328 2527 372 2592 N.
395 2528 434 2592 P.
453 2525 529 2593 diro
547 2540 598 2594 tre
614 2548 707 2595 cose.

284 2642 333 2710 Le
350 2640 469 2727 prima,
487 2644 552 2709 che
568 2644 600 2709 la
616 2644 830 2729 Compagnia
847 2656 975 2723 nostra,
999 2665 1063 2710 eon
1085 2643 1254 2711 desiderio
1275 2645 1319 2713 de
1335 2643 1446 2713 aiutar

217 2758 321 2824 molte
338 2769 438 2837 terre,
457 2758 569 2843 questi
584 2757 665 2825 anni
681 2758 710 2824 si
727 2758 845 2826 risolse
862 2759 896 2826 di
913 2758 1091 2826 abbraciar
1112 2758 1239 2827 diuersi
1263 2759 1389 2847 collegi
1410 2759 1445 2826 in

215 2894 284 2939 una
300 2884 397 2958 parte
413 2883 447 2940 et
463 2873 498 2939 in
514 2873 612 2954 altra,
630 2875 845 2941 secondoche
862 2896 920 2943 era
937 2874 1111 2954 richiesta,
1130 2876 1323 2942 mandando
1336 2877 1389 2941 80
1407 2894 1446 2943 10

215 3010 360 3075 persone
376 2990 427 3057 lra
441 2990 610 3058 sacerdoti
626 3002 660 3058 et
678 2991 796 3057 mastri
810 3001 846 3058 et
862 2990 1007 3075 qualche
1023 2992 1166 3071 scolare3
1184 3002 1219 3059 et
1240 2992 1273 3059 la
1289 2990 1437 3078 sperien·
1474 2984 1475 2987 '

214 3128 254 3172 za
268 3104 301 3171 ci
317 3107 363 3171 ha
379 3116 543 3173 mostrato
559 3109 706 3173 chonon
720 3106 751 3173 ci
764 3106 933 3174 conulene
945 3106 1070 3194 pigliar
1081 3106 1181 3174 simili
1195 3108 1363 3193 assumpti
1375 3129 1441 3175 con

213 3232 309 3288 tanto
323 3242 413 3307 poco
431 3222 663 3303 fondamento,
681 3224 808 3309 perche
824 3222 927 3307 quelli
944 3224 1010 3290 che
1022 3222 1050 3289 si
1067 3224 1237 3289 mandano
1254 3222 1351 3308 quasi
1368 3234 1440 3289 tut-

213 3337 236 3402 ti
254 3348 377 3403 stanno
393 3336 565 3423 occupati,
582 3338 641 3404 chi
655 3338 690 3403 in
707 3337 883 3424 prediche,
898 3337 954 3404 chi
970 3336 1005 3405 in
1022 3338 1241 3419 confessioni,
1256 3338 1314 3405 chi
1324 3332 1361 3404 in
1374 3341 1440 3407 let·

213 3451 311 3533 tioni,
333 3452 390 3518 chi
410 3453 446 3520 in
465 3452 596 3521 seruitii
617 3453 800 3520 necessarii
821 3453 855 3519 di
876 3452 1001 3539 questi;
1025 3452 1109 3523 etsi
1130 3455 1198 3520 ben
1219 3453 1248 3520 si
1269 3455 1437 3534 amalario,

210 3568 356 3655 bisogna
372 3571 440 3636 che
456 3590 477 3636 o
493 3569 578 3650 loro,
596 3590 666 3635 non
683 3570 844 3636 obstante
860 3570 893 3635 la
906 3568 1054 3649 malatia,
1070 3569 1098 3637 si
1111 3568 1306 3649 asiaticam,
1321 3592 1343 3635 o
1357 3590 1439 3637 uero

209 3683 258 3770 gli
274 3684 350 3752 altri
367 3684 575 3770 radoppiano
591 3686 623 3752 le
641 3684 778 3765 fatiche,
797 3695 832 3753 et
848 3684 919 3752 cosl
937 3684 1040 3751 etiam
1057 3684 1085 3751 si
1103 3686 1270 3771 amalano;
1289 3695 1324 3753 et
1341 3694 1438 3770 parte

209 3800 244 3866 di
261 3812 395 3886 questa,
413 3811 509 3885 perte
536 3800 626 3867 della
648 3821 733 3885 poca
748 3804 839 3885 {cura
862 3800 977 3867 chesi
1000 3803 1017 3867 ὲ
1044 3810 1163 3870 tenuta
1184 3800 1219 3867 in
1243 3798 1437 3885 prouederli

209 3916 298 3983 delle
313 3936 393 3985 cose
408 3916 613 3995 necessarie,
631 3916 729 4001 quasi
747 3915 826 3982 tutti
839 3916 942 4002 quelli
959 3918 1024 3984 che
1041 3915 1068 3983 si
1092 3915 1282 3983 mandorno
1303 3915 1337 3981 in
1360 3919 1436 3982 Mo-

261 4135 269 4165 ¹
307 4132 351 4188 Ex
364 4132 468 4188 codice
482 4134 600 4205 Regest.
615 4133 657 4198 Il,
671 4130 722 4190 fol.
735 4133 796 4201 64r.
812 4132 1015 4205 Paregraphus
1032 4133 1069 4187 de
1083 4131 1278 4205 Despeuterio
1295 4139 1393 4188 exstet
1407 4130 1436 4187 in

167 4295 169 4298 Ι
208 4220 282 4279 Cod.
298 4221 416 4278 Monac.
430 4221 472 4285 11,
485 4220 535 4279 iol.
552 4235 608 4291 15r,
622 4229 654 4276 et
667 4223 697 4276 in
713 4220 786 4276 Cod.
801 4222 888 4281 Rom.
911 4222 959 4277 Vl.

258 4316 270 4346 '
306 4311 388 4367 «Sub
401 4311 597 4367 Ferrarieusie
610 4311 703 4367 Ducis
715 4310 828 4367 ditione
841 4310 981 4382 oppidum
994 4309 1139 4383 quoddam
1159 4319 1217 4377 est,
1232 4310 1365 4381 Argenta
1384 4326 1436 4365 no·

205 4401 295 4467 mine,
309 4416 448 4472 magnum
460 4410 491 4457 et
505 4402 612 4472 populo
625 4400 775 4473 frequens,
789 4410 820 4456 et
833 4399 896 4455 fere
910 4400 1130 4470 monuments,
1142 4399 1232 4456 etiam
1242 4416 1309 4454 cum
1330 4402 1364 4459 P.
1381 4400 1435 4455 Pa·

204 4490 338 4546 echeeius
351 4500 432 4546 esset
445 4489 605 4559 Penariae,
617 4489 783 4559 Collegium
793 4489 870 4561 apud
880 4505 915 4545 ee
925 4489 1039 4545 institui
1051 4504 1228 4561 magnopere
1238 4490 1434 4561 postulabat.»

204 4578 388 4650 Porincus,
408 4578 532 4643 Cleon„
551 4579 604 4649 lv,
621 4576 671 4637 83.
691 4578 738 4633 Ad
756 4580 811 4633 hoc
830 4595 901 4633 vero
918 4586 1035 4649 ternpus
1053 4578 1131 4650 quod
1149 4586 1279 4649 spectat,
1299 4576 1434 4633 videatur

205 4667 283 4724 idem
296 4668 480 4739 Pomtcns,
493 4668 617 4736 Geron,
631 4668 684 4740 tv,
697 4666 733 4737 84
746 4677 776 4724 et
790 4666 835 4737 85,
