3567 5409
758 452 966 510 mononem
992 454 1170 512 loomim

370 775 372 778 -
483 732 777 802 RECTORIBUS
801 611 1145 803 coLlssgleRUM
1168 730 1445 802 SOCIETATIS

769 861 858 905 nom
876 847 895 902 3
914 862 1025 907 menen
1048 860 1118 919 1554
1137 850 1157 904 ¹.

350 990 395 1046 Ex
409 996 583 1045 nostrorum
596 991 795 1063 collegiorum
809 992 947 1047 alumnis
960 992 1065 1047 nullus
1078 990 1112 1047 in
1126 991 1304 1047 Societatem
1317 992 1504 1047 admittatur
1513 993 1571 1047 eim

396 1085 562 1151 parentum
575 1098 730 1146 consensu,
745 1082 909 1153 nullusque
921 1084 962 1137 ad
974 1082 1217 1153 amplectendum
1228 1080 1427 1154 perfectionis
1435 1086 1543 1137 mlum
1553 1100 1572 1137 a

387 1172 513 1225 metris
526 1175 696 1227 moveatur.

910 1326 1003 1447 lhis.

416 1529 464 1596 La
479 1550 611 1597 somma
626 1530 738 1618 gratia
752 1543 787 1599 et
803 1552 899 1598 amor
914 1543 1034 1599 eterno
1050 1534 1093 1599 de
1109 1534 1174 1600 X.⁰
1193 1534 1236 1599 N.
1255 1533 1293 1600 S.
1317 1529 1368 1597 sia
1388 1552 1522 1617 sempre
1541 1531 1573 1597 in

350 1655 468 1715 nostro
483 1645 648 1712 continuo
664 1646 782 1713 fauore
798 1658 833 1715 et
849 1646 946 1713 aiuto
962 1659 987 1715 ⁸.

415 1762 569 1828 Essendo
584 1763 617 1827 la
633 1773 750 1828 nostra
765 1762 955 1831 intentione
971 1764 1037 1830 che
1054 1764 1132 1832 nelli
1145 1763 1271 1850 collegi
1287 1774 1322 1829 et
1338 1764 1430 1829 scole
1443 1763 1517 1828 loro
1529 1762 1577 1828 eia

349 1877 529 1963 insegnata
544 1890 579 1942 et
594 1877 763 1945 instituite
779 1880 868 1948 nelle
884 1868 997 1948 littere
1014 1896 1049 1948 et
1064 1879 1171 1947 buoni
1188 1878 1336 1947 costumi
1352 1879 1384 1945 la
1396 1880 1574 1964 glomum,

348 2004 383 2059 et
398 1990 427 2058 si
444 1991 499 2059 dia
516 1992 631 2059 buona
644 1994 860 2062 edificatione
872 1994 928 2063 alli
943 1995 1077 2079 parenti
1088 1997 1162 2063 loro
1175 1996 1210 2062 in
1223 2006 1344 2080 questa
1357 2006 1466 2081 parte,
1481 2015 1577 2063 come

348 2110 458 2176 anche
475 2108 567 2194 negli
583 2110 659 2175 altri
675 2110 840 2178 essercitii
856 2110 893 2176 di
908 2111 1052 2191 charito,
1072 2111 1147 2178 eloe
1164 2108 1371 2179 confessioni
1384 2108 1410 2189 b,
1426 2108 1578 2195 predica·

351 2223 434 2290 tioni
450 2239 484 2291 et
501 2225 601 2291 simili
617 2228 684 2294 che
700 2248 760 2293 vsa
775 2228 809 2295 la
825 2228 1053 2313 Compagnia,
1071 2228 1102 2295 ci
1121 2229 1138 2295 ὲ
1156 2250 1256 2314 perso
1271 2226 1500 2296 conueniente
1522 2226 1577 2294 nel

348 2341 474 2427 Signor
494 2354 612 2408 nostro
633 2364 654 2408 a
675 2343 753 2410 tutti
774 2343 943 2421 ordinare,
969 2354 1003 2412 et
1028 2354 1264 2411 strettamente
1287 2340 1510 2409 comandarui
1534 2344 1577 2407 da

347 2469 442 2541 parte
456 2458 490 2523 d'
507 2458 602 2525 lddio
619 2459 662 2526 N.
682 2459 734 2538 S.¹
753 2459 820 2528 che
835 2480 987 2528 nessuno
999 2460 1161 2547 giouane,
1176 2462 1256 2545 qual
1269 2458 1334 2526 stia
1346 2470 1438 2526 sotto
1451 2460 1482 2524 la
1495 2479 1577 2525 cura

321 2631 328 2643 .
347 2572 426 2638 delli
442 2572 517 2639 suoi
533 2574 702 2658 parentio
718 2574 835 2657 tutori,
853 2576 904 2643 sia
920 2587 1092 2643 accettato
1108 2577 1198 2644 nella
1214 2574 1428 2661 Compagnia
1446 2585 1573 2653 nostra,

348 2690 411 2753 hor
426 2687 476 2754 sia
493 2689 549 2757 nel
565 2689 723 2776 collegio,
743 2692 810 2760 hor
826 2690 877 2757 sia
891 2690 1112 2759 mandandoli
1128 2692 1163 2757 in
1180 2690 1256 2757 altri
1275 2689 1407 2777 luoghi,
1426 2711 1529 2757 senza
1546 2689 1577 2755 la

348 2804 488 2870 volunte
515 2817 746 2873 et·consenso
772 2806 807 2873 di
832 2806 948 2892 quelli,
972 2818 1063 2875 sotto
1083 2808 1138 2874 cui
1160 2828 1243 2873 cura
1262 2827 1384 2873 sonno.
1410 2808 1452 2872 Et
1475 2806 1577 2871 molto

349 2939 470 2987 maneo
485 2920 643 2989 debbano
659 2932 672 2961 ⁶
687 2934 855 2991 essortare
870 2945 891 2990 o
908 2945 1048 2992 mouere
1063 2922 1164 2993 simili
1180 2922 1302 2989 scolari
1319 2923 1386 2988 alla
1398 2920 1576 3007 relligione

347 3046 476 3117 nostra3
495 3035 633 3123 perche,
656 3039 685 3105 si
708 3040 773 3107 ben
794 3038 844 3106 sia
864 3060 946 3107 cosa
966 3041 1009 3107 da
1029 3040 1065 3107 se
1086 3040 1178 3107 licita
1199 3051 1234 3105 et
1255 3037 1427 3105 laudabile
1447 3036 1576 3103 alutare

348 3152 452 3236 quelli
467 3156 531 3219 che
547 3155 663 3220 hanno
678 3158 734 3221 ete
750 3156 783 3220 di
805 3154 1040 3235 discrettione,
1063 3167 1098 3222 et
1118 3154 1221 3221 etiam
1243 3153 1416 3221 essortarli
1437 3153 1470 3218 al
1490 3162 1577 3219 stato

347 3266 380 3331 di
398 3268 612 3353 perfetione,
631 3270 705 3338 eloe
721 3272 787 3339 alla
803 3272 994 3359 relligione3
1013 3294 1077 3359 pur
1095 3274 1183 3341 nelle
1206 3272 1299 3339 scole
1322 3280 1439 3335 nostre
1460 3289 1528 3335 non
1549 3266 1577 3333 si

347 3395 468 3469 reputa
483 3386 669 3455 conuenire
686 3388 732 3454 tal
749 3388 850 3454 modo
866 3389 902 3454 d’
920 3399 1090 3457 essortare
1105 3410 1126 3455 o
1143 3397 1314 3457 accettare
1330 3406 1393 3472 per
1408 3384 1432 3450 il
1446 3382 1577 3471 magior

347 3498 498 3585 seruigio
518 3500 636 3568 diuino
660 3518 694 3572 et
715 3506 803 3573 bene
829 3505 1035 3585 vniuersale,
1064 3506 1165 3589 quale
1188 3502 1245 3570 noi
1265 3502 1500 3589 pretendiamo
1520 3498 1577 3585 pio

346 3617 410 3681 che
425 3615 449 3680 il
464 3616 679 3701 particolare‚
697 3621 913 3689 secondoche
929 3622 960 3689 la
978 3620 1120 3707 ragione
1137 3619 1276 3689 ricerca.
1297 3619 1339 3683 Et
1360 3638 1420 3704 per
1441 3614 1575 3702 signifi·

348 3712 442 3797 carui
458 3746 579 3815 questa
598 3733 813 3804 ordinatione
833 3748 869 3805 et
890 3738 1029 3803 decreto
1049 3746 1180 3815 nostr0,
1204 3733 1388 3800 habbiamo
1407 3754 1429 3799 a
1454 3730 1533 3797 tutti
1554 3729 1575 3794 li

268 3847 272 3853 ’
348 3847 471 3935 collegi
483 3848 604 3916 scritto
619 3850 655 3916 in
671 3863 794 3936 questo
811 3851 998 3919 medesimo
1013 3862 1143 3920 tenore.

415 3965 483 4032 All’
501 3965 648 4032 orationi
663 3968 697 4032 di
715 3968 794 4034 tutti
811 3970 916 4034 molto
932 3967 963 4035 ci
985 3966 1294 4047 racoomandiamo,
1317 3978 1352 4035 et
1373 3962 1572 4052 preghiamo

399 4178 413 4205 ι
451 4162 487 4217 In
500 4162 599 4217 altero
608 4164 754 4235 exemplo,
764 4164 828 4218 loco
834 4164 1095 4235 praecedentium:
1106 4163 1172 4219 Vna
1183 4164 1323 4233 generale
1337 4178 1389 4235 per
1403 4160 1473 4216 tutti
1486 4159 1506 4214 li
1519 4159 1574 4214 col·

348 4250 418 4323 legi.
433 4252 493 4306 Pax
508 4252 558 4307 ll.i
598 4255 645 4297 -b
664 4261 695 4307 et
706 4254 795 4308 addo
808 4254 866 4308 alt.
911 4268 958 4297 -c
977 4252 1116 4309 debbeno
1129 4252 1188 4309 all.

400 4440 408 4471 ¹
448 4434 489 4487 Ex
502 4435 681 4506 apographo,
695 4434 725 4487 in
738 4432 841 4489 codice
852 4433 949 4504 Epist.
963 4432 1091 4489 Polonci
1101 4450 1136 4489 ex
1147 4450 1266 4497 oomm„
1281 4444 1291 4487 1
1306 4430 1369 4501 iol„
1380 4448 1408 4487 n.
1422 4426 1483 4499 2³3,
1496 4426 1574 4502 prius

347 4535 408 4591 224.
430 4523 607 4595 Apogrepha
625 4524 715 4578 etiam
734 4524 855 4594 habent:
877 4520 981 4578 Codex
1003 4522 1121 4593 Καμεὶ.
1147 4522 1188 4586 ΙΙ,
1212 4520 1243 4579 ff.
1266 4518 1393 4592 63vo4r3
1419 4516 1491 4577 Cod.
1517 4518 1575 4572 Μο-

347 4630 415 4670 nac.
436 4612 479 4675 II,
504 4610 555 4671 iol.
581 4622 644 4684 14v3
667 4621 699 4667 et
722 4611 797 4667 Cod.
827 4612 917 4667 Rom.
952 4610 1245 4681 VJ.-Geum1,n.
1269 4608 1375 4681 XL1V3
1400 4606 1523 4675 Canas,
1546 4624 1574 4663 n.

349 4700 529 4759 CCCCXLI.
