3567 5409
368 440 422 501 550
749 434 955 488 Honorinum
977 434 1155 487 leunrmrm

333 587 452 666 menti,
469 599 552 674 etc,
574 587 619 652 de
636 603 679 669 50
700 604 750 665 V,
773 588 816 653 de
836 586 929 672 quali
951 588 1032 673 perd
1053 586 1194 655 cidette
1220 606 1259 653 ιο
1283 587 1306 653 il
1322 588 1377 656 zio
1392 587 1428 653 di
1446 586 1569 655 Pietro

336 704 504 771 Adriano.

401 819 467 886 Noi
479 819 602 885 stiamo
614 819 689 887 sani
702 818 736 884 in
753 822 858 886 Roma
874 842 934 904 per
947 821 979 885 la
990 817 1108 886 diuina
1123 819 1247 905 gratia,
1261 834 1296 887 et
1311 819 1420 887 siamo
1437 821 1472 886 in
1487 841 1573 887 casa

332 936 462 1002 incirca
478 958 498 1001 a
514 937 559 1003 60
582 956 740 1020 persone,
763 937 818 1003 nel
835 936 983 1023 collegio
1006 949 1123 1003 nostro
1145 937 1308 1003 altritanti
1325 958 1348 1003 o
1363 937 1435 1023 piri,
1460 950 1496 1005 et
1514 936 1575 1003 nel

333 1052 531 1139 germanico
551 1052 609 1139 piu
629 1050 663 1118 di
687 1068 741 1137 50,
764 1054 911 1120 essendo
933 1052 1051 1120 uenuti
1073 1071 1117 1135 24
1137 1053 1171 1119 di
1194 1054 1330 1122 Vienna
1352 1053 1508 1122 insieme.
1530 1052 1571 1121 Si

332 1169 502 1236 demanda
518 1170 551 1235 la
568 1171 608 1235 R.
629 1170 671 1235 V.
691 1180 821 1253 quanto
837 1168 961 1235 stiamo
977 1155 1095 1249 ricch'i,
1111 1180 1202 1235 tutto
1217 1170 1241 1236 il
1256 1173 1392 1237 thesoro
1408 1170 1427 1236 ὲ
1441 1171 1475 1235 la
1489 1190 1572 1255 spe-

333 1306 436 1351 ranza
451 1284 487 1351 in
504 1286 583 1351 Dio:
602 1286 731 1371 perche
745 1286 790 1353 de
811 1287 952 1372 Spagna
973 1286 1076 1353 none
1097 1296 1235 1372 passato
1257 1308 1304 1352 un
1318 1284 1481 1371 quatrino
1507 1308 1571 1371 per

333 1402 403 1480 noi,
426 1411 460 1470 et
481 1402 504 1466 li
524 1402 619 1469 censi
640 1402 743 1487 pochi
762 1400 795 1465 ci
818 1412 966 1479 restano,
991 1414 1025 1469 et
1047 1412 1161 1486 presto
1180 1424 1218 1470 se
1240 1425 1284 1471 ne
1304 1404 1481 1469 anderano
1499 1422 1570 1467 con

334 1519 356 1582 r
375 1517 471 1583 armo
486 1516 522 1584 di
537 1518 617 1585 oio.
1086 1495 1092 1510 '

401 1636 440 1700 L'
459 1635 547 1700 altro
562 1634 686 1719 giorno
701 1634 731 1700 si
748 1634 873 1700 mando
888 1656 936 1700 un
953 1648 1050 1703 certo
1064 1634 1204 1721 spaccio
1219 1647 1233 1675 ⁸
1252 1634 1286 1700 di
1304 1638 1406 1701 Mtro.
1424 1634 1573 1701 Giouan

332 1750 507 1818 Couillon.
527 1751 563 1815 lo
581 1772 650 1816 non
668 1749 691 1814 li
712 1752 757 1816 ho
774 1752 893 1816 uoluto
915 1772 975 1837 per
992 1773 1046 1817 me
1061 1750 1229 1817 indrizare
1251 1751 1306 1816 nel
1323 1771 1387 1816 suo
1402 1749 1572 1835 disegno:

333 1866 589 1934 nientodimeno
605 1868 650 1935 V.
668 1868 709 1933 R.
729 1871 827 1952 potral
843 1868 915 1933 lare
931 1868 955 1931 l'
973 1866 1082 1933 offitio
1098 1868 1163 1935 che
1179 1865 1228 1953 gli
1246 1870 1373 1951 pareri.

402 1983 479 2049 Alle
496 2004 559 2050 sue
577 1979 723 2049 orationi
739 1984 847 2047 molto
862 1982 894 2047 ci
917 1982 1213 2050 raccomandiamo
1231 1981 1323 2048 tutti.

401 2098 458 2167 Sia
472 2101 555 2186 Jesh
572 2098 637 2164 X.⁰
654 2099 743 2164 nelle
759 2096 872 2167 anime
889 2110 1016 2165 nostre.
1037 2101 1162 2166 Amen.

402 2216 455 2283 De
472 2217 579 2282 Roma
596 2235 615 2299 3
632 2216 675 2281 de
692 2214 811 2300 Aprile
829 2231 926 2298 1554.

401 2332 599 2415 Inscriptio.
619 2331 785 2397 Louanio.
806 2334 839 2397 A
858 2335 960 2399 Mun.
977 2330 1157 2399 Bernardo
1172 2330 1339 2398 Oliuerio.

681 2655 821 2720 PATRI
849 2530 1003 2721 1³5?ss
1026 2652 1218 2722 CANISIO

766 2780 853 2823 nour
872 2768 890 2821 3
911 2780 1031 2823 uentus
1053 2780 1121 2837 1554
1145 2768 1164 2824 ¹.

337 2904 380 2957 De
392 2902 576 2957 scholasticis
588 2902 703 2956 arcobus
715 2900 847 2974 episcopi
858 2900 1162 2970 lubecensis-Quid
1174 2900 1293 2973 expedit
1304 2904 1336 2954 ut
1350 2900 1507 2972 episcopus
1523 2918 1572 2955 re·

635 2992 746 3045 scribet
759 2993 801 3045 ad
813 2992 884 3046 illos
896 2992 930 3045 in
943 2986 1041 3061 officio
1054 2990 1259 3045 continendos.

404 3139 475 3203 Pax
493 3136 635 3204 Christi.

403 3254 489 3322 Rde.
510 3255 624 3331 Pater,
643 3265 678 3320 et
694 3252 728 3319 in
746 3253 907 3341 X.⁰Jesu
923 3250 1136 3321 charissime.

404 3370 505 3437 Dolet
532 3391 616 3435 sane
643 3368 739 3448 mihi,
760 3380 795 3437 et
816 3369 953 3453 quidem
975 3389 1044 3433 non
1066 3366 1293 3448 mediocriter,
1317 3367 1409 3452 quod
1430 3368 1474 3433 de
1497 3368 1576 3433 alu·

335 3486 425 3551 mnis
449 3484 539 3552 Rmi.
558 3484 710 3571 episcopi
727 3483 920 3553 labacensis
934 3506 974 3551 ea
991 3483 1140 3551 scribere
1156 3502 1296 3551 necesse
1312 3482 1368 3563 sit,
1387 3504 1478 3568 quae
1494 3485 1574 3549 ani-

336 3622 429 3668 mum
454 3600 645 3684 dignissimi
669 3601 834 3688 praesulis
855 3611 889 3668 et
911 3600 1038 3687 optime
1058 3600 1101 3669 de
1123 3597 1222 3665 nobis
1241 3597 1365 3677 meriti,
1389 3600 1571 3685 cuiusque

336 3718 545 3804 spiritualem
572 3717 841 3784 consolationem
872 3718 925 3785 uel
954 3715 1120 3801 imprimis
1143 3736 1205 3781 nos
1224 3716 1417 3801 expetimus
1438 3714 1473 3780 in
1500 3714 1572 3787 X.⁰

391 3947 405 3974 ⁸
442 3929 538 4002 spatio
555 3949 610 3985 ms.

391 4128 398 4159 ¹
436 4128 481 4182 Ex
494 4127 597 4182 codice
611 4128 728 4199 Regest.
751 4126 791 4191 ll,
812 4126 842 4181 ff.
861 4126 953 4195 88-89.
970 4126 1000 4181 ln
1017 4128 1133 4198 Regesl.
1156 4126 1194 4191 II,
1214 4125 1265 4183 iol.
1283 4126 1350 4195 78v,
1369 4124 1482 4181 ultimis
1501 4124 1580 4181 duo-

337 4218 393 4271 bus
406 4216 552 4287 versibus,
568 4218 645 4272 inter
657 4216 798 4288 epistolas
811 4216 860 4271 die
873 4229 908 4285 29
920 4225 951 4270 et
964 4214 1002 4270 30
1016 4215 1111 4271 Martii
1129 4228 1197 4285 1554
1213 4214 1308 4285 dates,
1328 4216 1466 4286 leguntur
1484 4216 1577 4271 haec:

336 4305 481 4360 «Vienna.
495 4306 528 4363 P.
543 4306 673 4361 Canisio.
688 4306 750 4359 Pax
762 4304 883 4361 Christi.
893 4294 1080 4361 'charissimo
1094 4306 1123 4359 in
1135 4304 1255 4360 Christo
1268 4304 1373 4358 Padre.
1388 4302 1488 4374 Hoggi
1500 4304 1577 4359 hab·

336 4394 433 4449 hiemo
446 4396 603 4464 riceu[u]to
615 4397 644 4451 le
656 4397 762 4451 lettere
774 4394 822 4449 del
837 4394 931 4467 primo
943 4393 991 4449 del
1006 4405 1143 4465 presente
1156 4393 1194 4449 de
1209 4394 1247 4447 V.
1271 4394 1307 4451 R.
1329 4394 1366 4448 Et
1382 4392 1462 4447 circe
1479 4393 1580 4465 quelli

334 4483 383 4539 doi
402 4485 512 4539 alumni
534 4483 582 4539 del
602 4485 685 4539 Rmo.
706 4486 872 4551 labricense,
892 4500 946 4555 per
963 4484 991 4538 le
1005 4492 1134 4544 nostre.»
1155 4484 1241 4554 Quae
1258 4500 1330 4538 sane
1347 4481 1486 4537 videntur
1505 4498 1579 4536 esse

336 4574 489 4630 exordium
501 4573 655 4645 cujusdam
667 4575 822 4646 epistolae,
835 4590 912 4645 quae
930 4572 1019 4628 scribi
1036 4582 1142 4644 coepta
1159 4583 1216 4629 est.
1238 4572 1307 4627 Eam
1327 4588 1412 4644 porro
1431 4571 1578 4627 omissam

336 4679 404 4717 esse
416 4663 602 4733 conjicimus,
614 4675 646 4718 et
658 4664 724 4735 eius
738 4666 803 4718 loco
815 4664 890 4717 hanc
904 4663 995 4716 latine
1008 4672 1168 4731 exaratam,
1184 4662 1304 4719 missam
1317 4658 1420 4719 fuisse.
