3567 5409
421 561 474 615 500
788 546 995 602 Moridunum
1017 544 1194 600 leuantur

453 701 496 765 Et
511 699 605 783 quod
619 698 741 767 attinet
763 699 806 765 ad
827 700 965 765 fratrem
991 706 1148 764 nostrum
1173 696 1366 764 Gerardum
1389 696 1610 775 Wirtensem,

385 824 507 901 suapte
518 814 702 883 deuotione
717 814 858 881 omnino
875 826 989 880 motus
1004 814 1041 879 id
1062 813 1143 881 fecit
1158 814 1254 898 quod
1274 814 1362 881 male
1383 812 1609 899 interpretan-

386 942 442 995 tur
456 929 530 997 eins
546 929 805 1016 consanguinei3
821 951 884 997 nec
906 929 1087 996 uidebatur
1103 927 1134 995 ei
1150 928 1400 1008 obsistendum,
1415 950 1495 995 curn
1510 928 1610 997 meri·

386 1045 411 1111 ti
427 1057 462 1113 et
482 1047 632 1132 perfecte
647 1044 886 1133 abnegationis
914 1044 1127 1125 occasiones,
1150 1044 1254 1111 immo
1270 1055 1304 1114 et
1319 1042 1527 1126 securitatis,
1545 1067 1611 1111 non

385 1162 571 1228 debeamus
587 1159 713 1228 nostris
729 1161 890 1229 fratribus
908 1159 1115 1247 praecidere,
1135 1180 1214 1226 cum
1233 1159 1430 1245 praesertim
1442 1163 1510 1227 hoc
1522 1157 1566 1227 sit
1578 1160 1611 1225 in

383 1276 688 1343 constitutionibus
705 1277 831 1343 nostris
846 1277 873 1357 ¹,
895 1288 943 1356 ut,
962 1276 991 1343 si
1009 1276 1085 1364 quis
1101 1298 1121 1342 a
1140 1276 1313 1346 Societate
1330 1276 1458 1345 resiliat
1476 1276 1533 1345 uel
1550 1292 1612 1343 sua

385 1405 510 1478 sponte
537 1393 592 1459 uel
619 1392 721 1460 etiam
748 1393 912 1478 expulsus
939 1394 984 1459 ab
1011 1394 1130 1459 eadem
1158 1392 1343 1472 Societate,
1367 1392 1399 1461 ei
1420 1393 1611 1461 reddantur

385 1508 514 1588 omnia,
533 1529 622 1593 quae
638 1529 754 1576 secum
770 1509 928 1580 contulit.
948 1510 1018 1578 Sed
1035 1510 1127 1594 quod
1148 1509 1273 1578 attinet
1285 1510 1329 1575 ad
1340 1508 1487 1577 Gerardi
1507 1510 1611 1587 bona,

385 1626 428 1691 V.
449 1626 491 1693 R.
508 1624 611 1690 saciat
625 1625 717 1709 quod
734 1625 907 1692 uidebitur
922 1625 1096 1711 expedire,
1111 1635 1146 1692 et
1159 1647 1226 1691 non
1239 1625 1396 1712 amplius,
1411 1646 1493 1691 nam
1506 1624 1609 1691 ratio

385 1761 463 1806 nem
481 1739 632 1807 scandali
650 1740 840 1807 habendam
853 1762 928 1810 esse
941 1761 1061 1807 omnes
1072 1760 1255 1809 censemus
1265 1752 1300 1809 et
1315 1751 1449 1807 uestrae
1461 1741 1613 1827 pruden-

384 1856 454 1923 tiae
468 1855 583 1922 omnia
598 1854 794 1923 huiusmodi
811 1855 1070 1923 commituntur.

450 1972 553 2057 Quod
570 1973 613 2038 ad
634 1974 729 2057 Mag.
756 1974 895 2039 Petrum
918 1971 1076 2057 Syluium
1099 1972 1234 2055 attinet,
1259 1972 1460 2039 tantundem
1481 1970 1611 2039 dictum

382 2086 438 2170 sit3
456 2086 485 2153 si
504 2088 635 2154 fructus
650 2088 818 2154 bonorum
835 2087 1049 2168 miterentur,
1068 2086 1227 2173 quamuis
1243 2086 1317 2173 ipsa
1332 2086 1518 2154 immobilia
1540 2108 1609 2154 non

384 2203 590 2285 uendantur,
618 2224 687 2269 non
716 2202 914 2271 uiderentur
935 2202 1150 2270 occasionem
1181 2186 1332 2269 habituri
1354 2203 1445 2270 ulius
1468 2204 1611 2289 querele

383 2320 444 2386 sed
460 2318 562 2388 etiam
580 2320 649 2386 hoc
664 2318 776 2405 ipsum
792 2318 933 2385 arbitrio
953 2330 1073 2393 uestro
1086 2317 1303 2405 relinquitur.

449 2436 554 2520 Quod
569 2436 612 2503 ad
628 2438 722 2522 Mag.
742 2435 993 2503 Theodoricum
1017 2436 1028 2468 ³
1046 2434 1180 2522 attinet,
1207 2456 1275 2503 non
1297 2446 1351 2501 est
1371 2436 1464 2520 quod
1485 2434 1610 2501 soliciti

382 2550 501 2632 simus,
520 2552 671 2619 timendo
685 2574 730 2619 ne
745 2550 850 2636 patris
864 2548 1163 2637 aliquaindustria
1178 2574 1199 2617 a
1215 2552 1321 2619 semel
1336 2561 1500 2636 suscepto
1518 2550 1609 2619 uitae

382 2665 503 2733 institu
520 2689 542 2733 o
559 2677 754 2735 reuocetur.
774 2665 913 2733 quenis
929 2664 1019 2732 enim
1037 2676 1090 2733 est
1106 2677 1215 2746 etate,
1239 2666 1300 2733 sed
1315 2666 1368 2732 uir
1389 2686 1522 2732 morum
1540 2688 1608 2733 ma·

387 2783 539 2863 turitate,
557 2794 591 2850 et
621 2780 720 2847 timor
740 2793 843 2867 atque
864 2802 960 2847 amor
986 2781 1051 2849 Dei
1070 2780 1206 2849 altiores
1229 2782 1264 2847 in
1285 2782 1361 2849 eius
1392 2782 1504 2848 anima
1524 2804 1608 2869 ege-

382 2910 463 2965 runt
478 2898 623 2976 radices,
637 2917 739 2981 quam
753 2909 791 2963 ut
807 2896 965 2965 comuelli
984 2896 1264 2982 persuasionibus
1277 2897 1421 2984 possint3
1436 2908 1497 2964 et·
1510 2919 1607 2983 prae·

383 3025 476 3082 terea
491 3013 569 3079 talis
590 3024 643 3079 est
667 3010 882 3080 constantiae
906 3012 1039 3079 indoles
1060 2994 1097 3077 in'
1113 3034 1167 3093 eo,
1190 3025 1227 3080 ut
1245 3012 1329 3079 nihil
1353 3013 1467 3080 minus
1493 3013 1608 3081 timea-

381 3152 469 3209 mus,
484 3150 585 3215 quam
603 3150 646 3195 ne
668 3129 784 3195 redeat
807 3127 843 3193 in
867 3129 1067 3213 Aegyptum
1092 3140 1152 3194 aut
1182 3129 1259 3195 ullis
1283 3130 1524 3197 blandimentis
1550 3144 1607 3196 aut

382 3242 569 3312 terroribus
579 3243 703 3309 abduci
720 3242 841 3328 possit.
859 3242 978 3328 ltaque
994 3242 1112 3328 quieto
1128 3242 1171 3310 sit
1184 3243 1300 3310 animo
1317 3246 1360 3312 V.
1381 3245 1437 3325 R.,
1456 3246 1550 3330 quod
1565 3246 1605 3312 ad

382 3363 475 3445 Mag.
493 3358 742 3425 Theodoricum
756 3358 891 3437 attinet,
905 3358 963 3443 qui
977 3358 1100 3425 litteris
1116 3370 1150 3427 et
1168 3359 1353 3426 uirtutibus
1366 3360 1454 3427 serio
1471 3360 1604 3447 proficit

382 3496 441 3559 per
458 3475 521 3543 Dei
539 3474 699 3560 gratiam.
920 3484 932 3525 *-

447 3592 524 3656 Non
536 3588 680 3675 inteligo
694 3610 753 3674 per
764 3588 896 3657 litteras
909 3590 952 3655 V.
969 3590 1010 3656 R.
1026 3612 1070 3654 an
1084 3590 1255 3675 acceperit
1267 3590 1502 3675 quaestionem
1515 3590 1603 3658 illam

432 3794 447 3822 ⁸
482 3787 529 3833 281
541 3795 597 3831 ms.

388 3895 579 3902 --.-—...-—.

431 3965 442 3991 ¹
482 3958 567 4011 Parte
581 3956 618 4025 ll,
631 3972 696 4027 cap.
710 3954 738 4008 3.
752 3953 799 4010 Cf.
816 3952 1038 4022 Compendium
1048 3952 1301 4027 privilegiorum,
1316 3954 1366 4009 ubi
1377 3956 1449 4011 haec
1458 3956 1602 4011 declaran-

379 4056 436 4101 tur:
452 4045 502 4101 «Si
516 4045 591 4101 torte
604 4044 719 4099 accidat
731 4042 899 4115 quempiam
912 4058 929 4097 e
943 4040 1094 4098 Societate
1105 4042 1216 4097 dimitti
1229 4052 1298 4099 ante
1313 4043 1542 4113 Professionem,
1555 4042 1601 4119 qni

377 4152 431 4191 sua
443 4137 520 4190 bona
529 4135 560 4189 in
572 4134 637 4189 eius
646 4134 779 4187 favorem
789 4130 999 4197 renuntiasset,
1008 4132 1047 4187 de
1055 4133 1125 4187 iure
1135 4130 1207 4187 nihil
1217 4131 1245 4187 ei
1256 4130 1480 4188 restituendum.
1493 4132 1526 4189 Si
1537 4149 1601 4189 vero

378 4223 540 4280 secundum
550 4222 730 4295 aequitatem
741 4222 789 4275 vel
799 4217 983 4292 prudentiam
997 4218 1077 4275 aliud
1091 4220 1282 4291 particulares
1294 4222 1533 4278 circumstantiae
1542 4238 1601 4278 sua·

373 4313 476 4380 deant,
489 4311 662 4383 Superiores
671 4312 828 4366 consulant
839 4306 1066 4377 Provincialem3
1077 4307 1211 4364 cavendo
1223 4308 1352 4381 interim,
1367 4326 1404 4365 ne
1418 4310 1447 4365 in
1457 4310 1598 4367 huiusmo·

374 4403 408 4458 di
426 4419 503 4458 nova
520 4400 711 4457 translatione
729 4402 873 4455 bonorum
890 4398 1002 4471 aliquid
1020 4398 1072 4452 fiat
1088 4406 1190 4453 contra
1202 4397 1429 4471 prohibitionem
1447 4398 1598 4464 alienandi,

375 4493 542 4548 inconsulta
555 4490 634 4546 Sede
647 4490 828 4562 Apostolica.
843 4490 906 4547 Cir.
918 4488 1137 4560 Sentianum,
1150 4489 1202 4547 lib.
1222 4484 1249 4559 3,
1264 4486 1310 4544 tit.
1324 4485 1370 4558 31,
1390 4506 1420 4544 n.
1442 4488 1597 4559 135441.-

378 4583 424 4637 La
437 4581 551 4649 Cnnrx,
565 4582 615 4636 lib.
630 4596 658 4649 4,
672 4597 702 4637 n.
717 4578 902 4649 56.-Luoo,
918 4578 1007 4648 Resp.
1019 4578 1142 4645 Marah,
1156 4576 1208 4634 lib.
1222 4593 1249 4645 4,
1264 4575 1336 4636 dub.
1348 4590 1413 4646 45.»
1427 4579 1597 4633 [nstitutum

377 4669 538 4727 Societatis
550 4670 629 4734 Iesu,
643 4669 668 4739 1,
680 4674 745 4739 652,
759 4666 937 4737 Florentiae,
955 4664 1034 4737 1892.

431 4762 443 4790 ⁸
478 4758 695 4815 Theodoricum
708 4755 1043 4826 Gerardi(Geeraerts).
1101 4818 1106 4825 ,
1226 4812 1229 4821 ,
