3567 5409
1102 493 1309 548 Emsr.
1354 503 1662 561 4277.-17
1702 492 1931 547 Mum
1974 501 2112 560 1554
2663 487 2771 558 485

508 647 583 712 Io
614 648 706 712 ho
736 645 927 713 datta
958 646 1070 714 nel
1103 644 1397 732 collegio
1426 646 1491 712 la
1522 666 1690 712 cura
1719 646 1808 712 de
1840 645 2093 714 uedere
2134 642 2181 709 il
2225 644 2428 710 modo
2469 643 2557 713 de
2604 664 2799 709 corr-e
2815 681 2835 689 -

361 783 543 849 gere
576 760 619 826 li
653 753 813 829 temi
838 782 882 829 o
903 760 1383 847 compositioni
1416 782 1457 827 a
1488 782 1778 847 persona
1810 759 2220 840 sufficiente,
2256 761 2363 826 fra
2392 758 2441 823 li
2476 758 2662 843 quali
2696 778 2835 825 unt}

364 879 409 944 ὲ
450 877 498 944 il
544 880 624 945 P.
681 880 883 946 Mtte.
935 878 1167 945 Pietro
1208 877 1686 957 Ribadeneira,
1731 878 1909 944 altro
1956 880 2164 946 Mtr0.
2213 877 2521 962 Raphael
2561 877 2618 956 ',
2663 876 2836 941 εἰη-η

366 996 576 1062 Mtte.
619 992 963 1070 Eleuterio
995 997 1045 1076 ⁸3
1081 1005 1150 1061 et
1191 995 1248 1061 si
1290 993 1636 1061 risolveno
1676 1006 1705 1034 ⁸
1750 993 2219 1062 ultimamente
2267 993 2336 1059 in
2381 1005 2654 1078 questo:
2703 994 2831 1057 che

367 1110 483 1176 uoi
514 1110 763 1178 alcune
796 1112 1005 1191 uolte,
1042 1111 1312 1178 almeno
1346 1132 1483 1178 una
1518 1111 1695 1179 nella
1726 1110 2117 1190 settimana,
2155 1105 2590 1198 procursiJate
2623 1110 2754 1174 che
2783 1109 2823 1173 li

363 1224 581 1292 vostri
611 1226 668 1293 si
701 1225 1102 1294 essercitino
1132 1224 1163 1266 δ
1194 1225 1263 1293 in
1296 1246 1709 1313 componere
1732 1248 1856 1313 per
1879 1247 1979 1307 se,
2008 1246 2215 1294 senza
2237 1224 2465 1291 ditarli
2496 1223 2610 1291 uoi
2635 1223 2791 1292 nien
2811 1261 2831 1273 „-

364 1353 461 1422 te,
498 1340 697 1409 accio
729 1340 787 1408 si
829 1340 1094 1434 aiutino
1137 1342 1295 1410 nell'
1343 1341 1768 1421 inuentione‚
1816 1353 1886 1408 et
1932 1340 2194 1428 piglino
2238 1340 2467 1407 animo
2508 1362 2629 1426 per
2672 1358 2827 1405 cose

362 1456 734 1544 maggiori3
768 1469 838 1527 et
871 1470 1138 1545 potrete
1169 1469 1195 1498 0
1238 1437 1651 1544 permetterli
1696 1460 1828 1527 che
1868 1457 2130 1544 piglino
2169 1455 2198 1497 ‘¹
2239 1458 2484 1524 alcone
2527 1457 2827 1522 clausule:

361 1575 450 1640 de
484 1573 851 1642 Cisserone
880 1585 949 1642 et
979 1574 1133 1641 altri
1165 1574 1416 1640 auttori
1452 1577 1582 1641 che
1624 1584 1896 1643 setteno
1939 1586 1988 1656 ο;
2037 1575 2292 1660 perche
2339 1571 2827 1639 dissimulando

358 1712 492 1757 con
525 1692 673 1757 loro
704 1689 865 1759 nelli
895 1689 1235 1777 principii,
1272 1690 1317 1756 li
1348 1692 1583 1759 darete
1614 1690 1868 1771 animO,
1903 1702 1973 1757 et
2005 1692 2153 1757 loro
2185 1689 2565 1777 pigliarano
2588 1691 2819 1754 buona

358 1827 617 1873 usanza
662 1807 750 1874 de
797 1806 1060 1892 parlare
1106 1818 1175 1875 et
1221 1806 1522 1875 scriuere
1570 1806 1900 1873 imitando
1947 1805 2161 1873 buoni
2209 1804 2490 1873 auttori.
2553 1802 2627 1871 L'
2671 1804 2823 1871 altri

357 1921 587 2012 giomi
619 1933 916 2007 potrette
955 1921 1176 1989 ditare
1217 1923 1353 1990 alte
1393 1921 1643 2011 [altre?]
1689 1922 2002 2008 epistole,
2049 1944 2242 1990 come
2285 1923 2499 1989 solete
2541 1922 2708 2001 fare3
2757 1933 2823 1989 et

354 2058 559 2123 sopra
593 2049 774 2104 tutto
822 2048 1182 2123 procurate
1224 2041 1351 2106 che
1394 2041 1537 2106 loro
1582 2039 1848 2105 imitino
1891 2038 2256 2106 Cisserone
2296 2049 2367 2106 et
2399 2037 2446 2103 li
2479 2035 2630 2103 altri
2672 2049 2819 2102 aut-

358 2165 491 2219 ton
534 2154 668 2220 che
709 2152 754 2218 li
798 2154 1100 2240 leggete,
1150 2156 1397 2240 perche
1441 2155 1510 2221 in
1564 2168 1808 2241 questo
1850 2155 2150 2223 consiste
2201 2154 2246 2219 il
2292 2155 2506 2220 frutto
2550 2153 2638 2219 de
2678 2153 2823 2217 loro

355 2268 593 2335 studii.

491 2389 774 2472 Quanto
820 2388 933 2455 all'
984 2389 1373 2469 emendare,
1425 2388 1469 2453 li
1520 2410 1682 2475 pare
1736 2391 2010 2457 bastera
2063 2389 2195 2454 che
2251 2385 2418 2474 ogni
2465 2386 2712 2473 giorno
2758 2387 2811 2450 si

350 2501 720 2570 emendino
750 2502 850 2572 sei
892 2525 933 2569 o
975 2515 1119 2569 otto
1161 2503 1667 2589 compositioni,
1715 2504 2146 2590 procurando
2187 2502 2300 2568 uoi
2346 2504 2475 2569 che
2521 2500 2615 2588 gli
2662 2501 2811 2567 altri

350 2618 575 2685 stiano
606 2620 847 2686 attenti
880 2631 951 2689 et
982 2620 1294 2705 patienti3
1331 2635 1400 2687 et
1434 2620 1610 2688 nella
1634 2619 2114 2689 emendatione
2139 2640 2231 2684 un
2259 2619 2507 2705 giorno
2532 2616 2811 2705 pigliate

351 2755 517 2814 un0‚
554 2734 706 2801 altri
731 2734 956 2821 giomi
997 2735 1176 2815 altri,
1222 2747 1292 2803 et
1338 2737 1401 2802 al
1444 2736 1581 2802 fine
1624 2758 1743 2821 per
1784 2734 1947 2802 tutti
1985 2734 2221 2803 darete
2263 2744 2499 2801 uostro
2542 2733 2807 2806 lanino,

351 2849 464 2919 del
490 2851 690 2936 quale
723 2850 780 2917 si
813 2850 1075 2917 aiutino
1107 2874 1225 2938 per
1250 2853 1576 2920 emendat
1596 2852 1641 2917 li
1668 2852 1820 2919 suoi
1850 2851 2059 2919 uostri
2085 2851 2327 2918 scolari
2385 2852 2471 2917 Et
2497 2871 2634 2916 non
2661 2853 2807 2917 serit

349 2965 882 3034 inconueniente
914 2968 1211 3051 qualche
1243 2969 1428 3035 uolta
1461 2968 1796 3056 pigliarne
1827 2990 1966 3036 una
1997 2967 2283 3054 epistola
2314 2968 2401 3035 de
2445 2967 2805 3045 Cicerone,

348 3092 419 3150 et
443 3080 817 3169 dittarglila
841 3081 911 3149 in
941 3083 1246 3169 uolgare,
1275 3095 1347 3151 et
1371 3084 1481 3169 poi
1508 3085 1931 3171 mostraglila
1962 3083 2032 3149 in
2067 3083 2308 3164 latin03
2344 3095 2414 3152 et
2446 3084 2598 3152 serzi
2633 3086 2807 3153 bene

349 3199 483 3263 che
514 3196 682 3283 ogni
713 3196 784 3265 di
820 3198 876 3264 si
908 3199 1343 3290 compon[g]a
1378 3201 1673 3285 qualche
1706 3221 1903 3286 poco,

482 3313 536 3378 Il
570 3314 775 3380 modo
809 3324 1000 3380 tanto
1032 3287 1266 3383 exatto
1292 3315 1361 3380 di
1394 3316 1720 3384 emendat
1752 3317 1817 3384 le
1848 3315 2364 3400 compositione,
2403 3327 2662 3400 quanto
2696 3317 2807 3381 uoi

349 3428 643 3498 scrivete
692 3428 869 3496 nella
916 3441 1169 3509 uostra,
1216 3442 1666 3517 quantunque
1708 3432 1808 3500 sia
1855 3434 2086 3497 buono
2126 3453 2200 3500 se
2243 3431 2297 3497 si
2346 3430 2597 3517 potessi
2635 3431 2803 3513 fare,

348 3566 487 3612 non
522 3566 682 3630 pare
711 3545 813 3613 sia
843 3566 1010 3613 cosa
1056 3546 1377 3631 possibile
1407 3547 1476 3614 in
1513 3548 1968 3615 moltitudine.
2019 3551 2203 3617 Uero
2247 3551 2284 3614 ὲ
2326 3550 2456 3614 che
2499 3547 2807 3614 Erasimt]

346 3660 435 3727 da
471 3663 627 3746 quel
664 3663 890 3742 mod0‚
924 3661 970 3727 il
1004 3663 1206 3747 quale
1235 3663 1350 3729 chi
1384 3663 1655 3731 hauessi
1701 3667 2082 3734 solamente
2125 3688 2216 3732 un
2261 3666 2528 3733 scolare
2571 3687 2612 3730 0
2660 3665 2799 3745 ἀοῖ,

349 3776 468 3861 piu
502 3776 893 3846 facilmente
925 3780 1259 3864 potrebbe
1291 3800 1593 3862 seruare,
1624 3784 1752 3848 che
1785 3781 1896 3850 chi
1924 3780 2107 3851 tiene
2133 3782 2303 3848 tanti
2337 3804 2536 3854 come
2567 3783 2625 3849 si
2652 3796 2799 3850 ten-

350 3913 540 3978 gono
570 3891 592 3932 ¹
619 3894 795 3964 nelle
840 3905 1071 3962 nostre
1115 3897 1322 3962 scole.
1371 3899 1553 3981 Quel
1597 3901 1800 3965 modo
1842 3900 2163 3983 adunque
2206 3900 2262 3967 si
2309 3900 2518 3979 laudi,
2566 3911 2635 3968 et
2678 3922 2803 3988 pur

351 4006 409 4074 si
444 4008 658 4074 faccia
700 4011 859 4094 quel
901 4012 1031 4079 che
1066 4011 1120 4077 si
1166 4013 1325 4098 puo.
1369 4014 1550 4080 Vero
1595 4016 1629 4081 ὲ
1672 4018 1804 4082 che
1852 4015 1898 4081 il
1949 4029 2128 4085 terna
2176 4019 2501 4084 mandato
2549 4017 2619 4082 di
2670 4039 2803 4102 qua

456 4290 484 4319 ι
558 4277 853 4332 risoluano
896 4297 1006 4335 ms.
1086 4284 1187 4325 —b
1229 4284 1589 4338 essercitano
1635 4304 1741 4341 ηις.
1822 4300 1918 4330 -0
1993 4288 2208 4359 potreti
2250 4306 2357 4343 ms.
2395 4294 2452 4344 et
2483 4289 2659 4361 infra
2704 4289 2803 4345 da*

347 4365 488 4418 retti
516 4371 623 4423 etc.
706 4370 805 4410 -d
847 4368 1104 4439 pigliano
1135 4387 1240 4425 ms.
1321 4388 1417 4415 —e
1458 4373 1585 4438 Sic,·
1609 4372 1779 4444 sorte
1807 4386 2073 4433 sentono.
2151 4380 2243 4419 -s
2277 4389 2534 4449 tengano
2561 4397 2672 4437 ms,

456 4620 480 4650 ¹
554 4615 814 4688 Raphael
844 4619 1040 4674 Riera.

458 4705 482 4736 ³
556 4705 927 4763 Eleutherius
958 4709 1272 4767 Pomanus,
