3567 5409
401 476 438 542 76
781 472 990 531 Mononnnra
1014 473 1190 530 lanarum

366 626 478 693 Padre
494 624 702 693 comissario.
733 625 801 693 Gia
816 618 885 712 ‘per
900 626 988 693 altra
1010 627 1056 692 ho
1072 623 1207 692 auisato
1224 627 1290 693 che
1310 622 1339 690 si
1355 622 1496 691 intenda
1517 623 1596 691 delli

366 739 490 807 medici
512 742 591 827 qual
608 742 686 808 loco
708 740 755 828 gli
773 740 956 819 conulene,
982 752 1018 808 et
1034 743 1098 808 che
1122 739 1240 807 nonsi
1265 737 1408 825 perdoni
1432 760 1453 807 a
1476 739 1597 809 denari

366 857 454 923 nelle
470 876 549 923 cose
564 856 785 927 conuenienti
801 856 867 924 alla
881 878 947 923 sua
962 856 1086 924 sanita.
1107 857 1151 924 Di
1166 876 1260 922 nouo
1275 855 1352 922 dico
1368 854 1392 919 il
1407 854 1597 923 medesimo

365 972 433 1039 alla
449 974 491 1040 R.
517 974 576 1053 V.,
602 984 637 1040 et
660 974 725 1041 che
749 972 879 1059 piglino
903 971 1045 1059 prestati
1069 972 1092 1037 li
1115 970 1247 1052 denari,
1276 992 1346 1037 non
1374 970 1402 1036 si
1426 970 1597 1036 trouando

365 1086 561 1169 altrimenti,
579 1097 614 1157 et
630 1087 677 1154 mi
693 1087 848 1169 aniseno,
866 1090 993 1175 perche
1009 1088 1042 1155 io
1058 1088 1082 1154 li
1098 1089 1273 1168 mandere,
1289 1108 1310 1153 o
1329 1106 1411 1153 uero
1427 1084 1450 1151 li
1463 1083 1597 1173 piglino

365 1225 385 1270 a
401 1204 525 1271 canbio
540 1226 641 1291 sopra
650 1202 687 1270 di
704 1224 771 1271 me.
784 1205 831 1273 Se
847 1204 876 1271 si
890 1203 1097 1272 uendessino
1108 1204 1221 1291 quelle
1237 1224 1300 1271 sue
1311 1223 1404 1282 case,
1420 1201 1478 1270 del
1489 1222 1595 1287 prezo

364 1320 393 1387 si
409 1321 479 1405 puri
495 1318 642 1389 retenire
658 1320 773 1405 quello
793 1322 858 1387 che
878 1320 1015 1388 basterd
1037 1341 1098 1405 per
1118 1321 1227 1387 hauer
1243 1318 1291 1384 lui
1312 1319 1345 1387 le
1360 1338 1423 1384 sue
1443 1338 1597 1385 commo·

364 1435 445 1503 diti.
466 1436 626 1537 Scrinero
651 1432 836 1505 etiandioa'
860 1436 1003 1503 Ferrara
1020 1438 1086 1503 che
1108 1433 1303 1523 aggiutino,
1328 1433 1462 1502 benchi
1478 1436 1597 1499 hanno

364 1552 475 1620 anche
490 1552 564 1617 loro
580 1573 626 1617 un
642 1550 810 1637 hospitale
829 1550 865 1617 di
881 1550 987 1637 quelli
1002 1550 1037 1618 di
1053 1551 1213 1619 Modena.
1237 1552 1281 1617 Et
1297 1551 1340 1619 V.
1360 1551 1404 1617 R.
1422 1550 1455 1615 lo
1472 1546 1596 1617 essorti

287 1647 293 1661 ⁸
363 1668 407 1734 ad
423 1666 625 1755 allegra[r]si
640 1677 675 1748 et
691 1677 762 1733 star
782 1670 825 1735 de
841 1668 958 1734 buono
974 1665 1101 1747 animo,
1124 1677 1160 1733 et
1174 1667 1277 1732 dicha
1292 1668 1357 1733 che
1373 1666 1396 1731 l'
1415 1662 1597 1731 habbiamo

308 1771 311 1780 ’
362 1782 450 1849 fatto
465 1782 729 1849 raccomandare
746 1803 805 1867 per
821 1782 903 1848 tutti
919 1782 942 1848 li
958 1781 1108 1869 collegii,
1126 1792 1162 1849 et
1182 1780 1254 1849 cosi
1271 1779 1442 1866 speriamo
1457 1780 1524 1848 che
1538 1780 1595 1847 ld-

362 1898 419 1965 dio
434 1898 458 1963 li
470 1899 552 1966 dari
565 1897 678 1982 quella
690 1897 802 1965 sanita
817 1898 874 1985 pin
891 1897 1064 1967 conulene
1074 1919 1137 1984 per
1151 1897 1176 1963 il
1188 1919 1252 1964 suo
1268 1896 1410 1963 seruitio
1422 1894 1593 1983 maggior.

428 2014 465 2082 Si
482 2014 605 2081 manda
624 2017 681 2081 un'
700 2015 786 2083 altra
802 2014 901 2099 copia
916 2014 1006 2083 delle
1021 2012 1235 2098 conclusioni
1252 2023 1286 2081 et
1303 2013 1395 2079 forsa
1405 2012 1440 2079 si
1456 2010 1595 2079 mande·

365 2129 402 2194 rai
420 2130 566 2213 qualche
581 2130 680 2215 copia
695 2140 852 2217 stanpata
867 2132 958 2199 delle
974 2132 1095 2198 lettere
1110 2126 1189 2197 dell'
1207 2128 1313 2195 India.

430 2246 507 2313 Non
523 2246 610 2313 altro
631 2268 692 2332 per
713 2246 848 2327 adesso,
871 2266 994 2313 senon
1016 2267 1162 2332 pregare
1177 2266 1198 2311 a
1216 2246 1301 2333 Jesn
1318 2245 1383 2311 X.⁰
1404 2265 1424 2308 a
1440 2242 1521 2309 tutti
1537 2242 1594 2309 dia

363 2382 492 2447 pesque
508 2372 542 2429 et
555 2361 636 2431 anni
653 2360 758 2428 buoni
769 2382 835 2429 con
848 2361 1072 2429 renouatione
1082 2362 1126 2430 de
1141 2360 1261 2447 spirito
1272 2360 1307 2425 in
1324 2380 1389 2427 suo
1399 2370 1500 2425 santo
1515 2381 1593 2426 ser·

364 2475 460 2543 uitio.

428 2591 473 2658 Di
489 2593 596 2659 Roma
615 2610 656 2677 23
673 2591 709 2659 di
723 2594 917 2661 Decembre
945 2609 1040 2678 1553.

427 2709 503 2774 Con
521 2718 607 2775 tutta
624 2709 656 2775 la
671 2712 816 2777 carestia
836 2710 879 2777 de
901 2709 1085 2778 sacerdotti
1106 2712 1171 2777 che
1186 2708 1382 2788 habbiamo,
1405 2706 1590 2793 bisognera

360 2824 502 2891 mandat
530 2842 567 2891 12
595 2824 629 2890 in
658 2825 690 2891 la
711 2824 857 2911 Ellopia,
880 2837 916 2892 et
939 2847 1008 2893 uno
1030 2823 1065 2891 di
1089 2826 1165 2892 loro
1186 2847 1246 2911 per
1266 2824 1470 2911 patriarcha.
1490 2823 1592 2891 Ueda

361 2940 406 3009 V.
425 2941 467 3007 R.
486 2940 604 3024 quanti
623 2940 655 3007 ci
673 2941 777 3009 uuole
793 2951 960 3027 prestare.

427 3056 623 3141 Inscriptio.
644 3059 675 3123 A
693 3057 863 3145 Bologna,
882 3058 951 3124 don
968 3058 1173 3124 Francesco.

926 3238 1019 3319 4⁰⁰¹

514 3371 654 3438 PATRI
673 3372 848 3459 JOANNI
873 3370 1168 3440 PELLETARIO
1193 3373 1256 3439 EX
1279 3374 1433 3441 COMM.

752 3506 840 3549 nona
855 3492 890 3548 23
903 3506 1083 3551 necennms
1098 3494 1168 3564 1553
1181 3496 1202 3553 ¹.

358 3631 493 3701 Acceptis
509 3630 620 3686 litteris
639 3631 891 3703 respondet-De
903 3629 1013 3702 fratre
1025 3631 1200 3701 coadjutore
1214 3632 1397 3688 Ferrariam
1410 3634 1594 3691 missa-De

395 3721 576 3775 sacerdotee
594 3722 707 3775 nostris
719 3720 751 3775 in
765 3719 904 3790 gratiam
913 3720 1119 3791 ferrariensis
1132 3721 1263 3794 episcopi
1281 3724 1322 3778 ad
1341 3726 1459 3795 tempus
1472 3722 1593 3777 mitten·

394 3806 528 3864 cta-De
548 3810 673 3876 medico,
696 3808 856 3864 Societatis
878 3810 1138 3864 candidato-De
1157 3812 1245 3866 sociis
1266 3809 1594 3883 aegrotantibus.—De

393 3896 578 3968 coadjutore,
594 3898 648 3968 qni
670 3898 798 3953 Sanctus
821 3902 958 3953 vocatur.
973 3898 1046 3953 —De
1068 3900 1219 3963 Adriano,
1239 3900 1426 3971 Hieronymo
1444 3899 1593 3971 hujusque

386 3985 583 4056 fratre-De
604 3988 690 4041 Victa
700 3988 843 4059 graviter
856 3987 959 4041 morbo
972 3987 1140 4052 laborante,
1154 3988 1276 4060 ejnwue
1289 3990 1466 4046 valetudine
1480 3995 1592 4061 procn-

394 4077 507 4131 nanda.

429 4211 501 4276 Pax
518 4210 575 4277 X}

425 4326 464 4393 L'
483 4326 602 4392 ultime
618 4326 652 4392 di
670 4328 713 4393 V.
734 4328 776 4397 R.
793 4348 878 4394 sono
895 4329 938 4396 de
955 4329 1046 4395 odel
1063 4340 1232 4414 presente.
1251 4332 1352 4415 Dopo
1367 4332 1444 4395 sard
1462 4329 1586 4416 aginn-

360 4452 397 4549 to⁴
410 4442 434 4507 il
450 4441 662 4511 coadiuttore
678 4444 839 4511 mandato
856 4444 951 4516 molti
967 4445 1002 4511 dl
1019 4465 1115 4510 soon.

408 4602 416 4634 ¹
455 4602 499 4656 Ex
524 4602 626 4659 codice
651 4604 767 4676 Regest.
792 4602 832 4672 Π,
859 4603 910 4660 fol.
937 4617 980 4675 19,
1007 4604 1083 4659 inter
1108 4606 1249 4677 epistolas
1274 4605 1322 4660 die
1349 4604 1384 4660 23
1409 4604 1585 4662 Decembris

358 4691 498 4763 scriptae.
