3567 5409
553 505 657 563 Eersr.
677 502 821 572 4038.-2
839 505 1075 577 Jssuun1554
1343 518 1391 575 141

759 678 867 760 4⁰³8

242 810 463 879 ΜΑἸῊΙΑΕ
483 812 583 880 AUT
599 810 868 881 ΜΑΤΤΗΑΕΟ
891 812 954 881 DE
970 812 1129 883 TASSIS
1146 814 1209 881 EX
1229 814 1381 882 COMM.

612 948 700 992 nous
714 949 731 992 2
743 948 889 1003 annsnn
906 949 975 1007 1554
989 943 1008 992 ¹.

336 1078 489 1151 Epistulae
503 1080 546 1135 nd
556 1082 650 1135 socios
663 1072 1021 1137 viennenses-Litteras
1032 1099 1070 1137 ee
1082 1082 1175 1137 India
1187 1082 1293 1140 mittit.

261 1223 371 1290 Molto
387 1222 572 1311 magnifico
587 1223 707 1311 signor
724 1225 793 1291 mio
805 1232 818 1267 ¹
832 1224 868 1292 in
882 1228 968 1313 Jesit
983 1228 1056 1294 X.‘l

263 1339 436 1405 Hauendo
451 1361 472 1405 a
490 1340 653 1409 mandare
668 1351 788 1426 queste
805 1340 926 1411 lettere
942 1340 1042 1427 perii
1058 1341 1165 1409 nostri
1181 1342 1216 1409 di
1233 1342 1344 1410 Viena
1368 1364 1428 1430 per

192 1475 301 1521 mano
316 1455 360 1523 de
377 1457 420 1522 V.
440 1455 543 1535 sris,
563 1459 695 1524 usando
711 1457 845 1527 securti
870 1456 905 1522 in
930 1469 1064 1542 questo,
1088 1458 1293 1526 secondoch'
1316 1458 1428 1527 inten-

191 1572 312 1638 diamo
329 1592 422 1641 esser
439 1573 471 1641 la
487 1584 602 1641 mente
617 1574 661 1639 de
673 1574 716 1641 V.
736 1573 824 1642 Sria.
842 1574 885 1641 de
902 1573 986 1642 sarci
1003 1585 1124 1660 questa
1140 1576 1253 1661 gratia
1269 1588 1304 1644 et
1319 1576 1428 1643 bene·
1528 1580 1536 1597 ⁴

192 1688 277 1754 ficio
294 1689 319 1767 ³,
346 1688 392 1753 mi
416 1710 516 1775 perse
539 1689 717 1757 mandaria
740 1700 862 1775 questa
879 1689 978 1775 copia
1000 1690 1035 1757 di
1058 1690 1180 1759 lettere
1206 1691 1287 1759 dell'
1316 1689 1424 1769 India,

193 1804 359 1870 mandata
380 1804 424 1871 de
444 1826 492 1870 un
515 1788 693 1873 sacerdote
712 1806 756 1872 de
779 1817 893 1873 nostra
915 1806 1141 1892 Compagnia,
1163 1828 1266 1875 seruo
1293 1807 1336 1873 de
1359 1805 1427 1875 Dio

191 1920 289 1985 bono
304 1930 340 1986 et
356 1920 469 2002 fidele,
487 1922 562 1988 aN.
585 1924 623 1989 Ρ.
640 1922 743 1991 Mtro.
760 1920 909 2007 Ignatio,
923 1922 1096 2008 preposito
1107 1923 1269 2008 generale
1281 1921 1315 1988 di
1333 1943 1423 2003 essa3

191 2035 322 2121 perche
339 2057 408 2102 non
419 2036 541 2103 dubito
555 2036 681 2104 hauerai
699 2037 743 2103 V.
763 2035 851 2106 Sria.
870 2036 1103 2105 consolatione
1118 2057 1187 2103 con
1205 2037 1318 2123 quelle
1334 2058 1425 2105 noue

191 2152 261 2216 che
278 2160 512 2239 contengon0,
526 2150 617 2219 doue
629 2150 657 2217 si
671 2143 799 2218 mo'stra
816 2162 913 2219 tanto
924 2152 1201 2221 euidentemente
1213 2153 1245 2219 la
1259 2151 1368 2220 uerita
1381 2153 1426 2219 de

190 2277 315 2333 nostra
336 2278 434 2333 santa
456 2266 533 2335 fede
548 2278 583 2335 et
599 2268 630 2333 la
647 2288 749 2334 mano
772 2266 1009 2353 omnipotente
1029 2269 1073 2337 de
1089 2266 1156 2334 Dio
1170 2280 1185 2308 ⁸
1201 2269 1245 2335 N.
1260 2270 1313 2351 S.;
1332 2290 1352 2335 a
1368 2266 1424 2335 cui

189 2381 313 2449 diuina
333 2382 462 2452 maesti
485 2381 613 2469 piaccia
634 2403 840 2451 conseruare
859 2384 905 2452 V.
930 2382 1019 2452 Stia.
1044 2395 1080 2451 et
1101 2384 1310 2453 accrescerla
1335 2384 1424 2451 nella

189 2519 257 2565 sua
275 2496 468 2567 santissima
487 2497 611 2585 gratia.

260 2614 389 2681 Nostro
406 2614 517 2681 Padre
534 2613 562 2682 si
579 2614 803 2681 raccomanda
821 2616 938 2697 molto,
956 2625 991 2683 et
1006 2613 1030 2680 li
1046 2616 1178 2703 pregba
1193 2614 1320 2682 habbia
1336 2636 1422 2701 que-

187 2740 245 2795 sta
264 2752 325 2817 per
338 2728 484 2816 propria.

259 2846 313 2913 De
330 2847 471 2912 Roma2
487 2845 530 2913 de
541 2846 682 2915 Genaro
700 2860 795 2930 1554.

258 2962 339 3028 Non
363 2962 527 3029 accadert
551 2963 713 3029 mandare
737 2961 793 3028 alli
817 2963 926 3029 nostri
942 2975 1063 3049 questa
1079 2964 1200 3033 lettera
1223 2975 1421 3051 stampatta‚

185 3074 308 3163 perch'
325 3098 346 3145 a
360 3079 434 3144 loro
448 3076 477 3144 si
494 3077 618 3144 manda
635 3074 693 3143 un'
706 3078 805 3145 altra.

244 3256 260 3282 ι
295 3239 369 3295 Dios
382 3256 438 3297 nse.

246 3386 254 3415 ¹
292 3384 337 3439 Ex
350 3382 453 3441 codice
464 3384 583 3457 Regest.
599 3384 640 3451 11,
655 3384 706 3444 iol.
722 3398 787 3454 ην.

241 3478 254 3507 ¹
291 3472 429 3545 Intellige
444 3473 583 3530 linthium
594 3483 645 3530 aut
659 3475 840 3531 Matthaeum
851 3478 930 3543 (nam
940 3475 1030 3531 dubia
1040 3484 1087 3531 est
1096 3491 1186 3547 saepe
1196 3475 1284 3546 hujus
1295 3474 1422 3531 nominis

184 3562 293 3633 lectio)
304 3562 342 3617 de
355 3562 468 3634 Tussis,
481 3563 529 3618 cui
540 3564 616 3619 hanc
629 3564 784 3637 epistolam
798 3564 920 3620 inscribi
933 3573 1082 3637 putamus.
1096 3564 1129 3619 Id
1143 3564 1222 3620 enim
1240 3564 1347 3619 suadet
1359 3574 1422 3619 tum

183 3652 286 3725 ipsum
301 3653 446 3725 epistolae
459 3664 677 3725 argumentum,
691 3662 723 3708 ut
737 3671 774 3707 ex
788 3654 979 3710 annotatione
991 3654 1092 3709 statim
1105 3651 1290 3725 subjicienda
1303 3652 1424 3709 confici·

184 3750 247 3811 tur,
263 3749 325 3797 tum
338 3760 376 3797 ex
394 3742 487 3814 ipsius
504 3742 605 3799 Tussis
623 3742 730 3799 litteris
744 3743 780 3797 ad
795 3742 955 3799 Polancum
970 3742 1231 3814 23Jenuarii1554
1241 3742 1356 3799 Vienna
1372 3741 1422 3797 da-

181 3832 234 3902 tis,
252 3832 360 3904 quibus
373 3840 491 3888 nostrae
504 3832 648 3904 epistolae
662 3831 779 3887 videtur
791 3832 981 3905 respondere.
998 3832 1095 3904 Epist.
1111 3832 1237 3897 Mistea,
1250 3832 1304 3904 1V,
1317 3845 1362 3900 41.

121 3923 124 3929 '
241 3924 254 3952 ·“·
292 3922 375 3979 «Non
390 3922 523 3977 omittam
535 3920 613 3994 quod
628 3921 705 3977 inter
717 3922 803 3991 alios,
816 3922 866 3995 qui
882 3938 987 3993 magns
1000 3922 1211 3977 benevolentia
1225 3930 1355 4001 nostram
1370 3921 1421 3978 So·

182 4011 328 4067 cietatem
341 4011 489 4083 complexi
502 4018 583 4080 sunt,
598 4009 654 4065 luit
665 4010 790 4066 Mathias
800 4010 838 4066 de
852 4011 965 4082 Tamis,
977 4028 1066 4084 quem
1080 4020 1230 4083 posterum
1248 4010 1421 4081 magistrum

182 4102 253 4157 Rex
266 4100 463 4155 Romanorum
477 4100 640 4160 habebat...
654 4100 777 4156 Romam
791 4100 911 4172 scripsit
923 4116 1040 4155 omnem
1054 4118 1137 4155 suam
1155 4118 1274 4172 operam
1293 4100 1422 4155 offerens

181 4190 352 4248 officiose...
366 4199 401 4245 ut
417 4207 492 4263 quae
506 4192 583 4247 ultro
594 4192 727 4263 citroque
746 4191 936 4247 mitterentur
954 4191 1070 4247 litterae
1088 4190 1260 4260 Societatis,
1278 4189 1344 4247 sine
1363 4193 1422 4246 ullo

182 4280 283 4354 pretio
296 4282 404 4337 nostris
417 4280 567 4349 darentur,
581 4280 650 4353 quia
663 4280 781 4335 dicebat
794 4298 828 4337 se
846 4290 964 4352 propter
982 4298 1124 4339 nomen...
1140 4296 1198 4353 quo
1211 4280 1345 4335 Societas
1359 4291 1423 4336 ute·

183 4373 282 4435 batur.
298 4370 425 4440 scilicet,
443 4386 550 4451 nomen
565 4372 637 4441 jesu
654 4370 696 4443 [id
709 4350 853 4444 ἡδονή...
869 4380 900 4425 et
918 4370 1054 4443 usquein
1069 4371 1243 4425 hodiernum
1261 4370 1340 4426 diem
1353 4388 1421 4425 cum

180 4458 293 4531 viginti
309 4460 377 4515 anni
392 4460 452 4515 sint
469 4460 573 4532 elapsi,
592 4463 647 4515 boc
667 4459 813 4516 beneficio
830 4460 911 4515 illius
928 4460 1036 4517 fruitur
1050 4457 1214 4516 Societas.»
1235 4460 1419 4531 ΡοιΑΝοοε,

185 4550 316 4613 chron„
331 4550 382 4622 111,
398 4560 461 4619 251.
473 4550 588 4621 Studio,
604 4550 678 4606 adeo
692 4568 729 4605 ex
742 4550 840 4605 animo
854 4550 997 4605 Societati
1010 4550 1164 4621 praestito,
1183 4549 1314 4620 lgnatius
1331 4550 1422 4619 grati·

182 4638 267 4695 ficari
282 4638 387 4711 voluit,
399 4640 541 4713 illumque
553 4641 695 4695 bonorum
706 4639 836 4695 omnium
848 4656 982 4712 operum,
993 4656 1068 4711 quae
1078 4640 1109 4693 in
1120 4639 1270 4694 Societate
1279 4646 1418 4709 aguntur,

184 4728 359 4803 participem
373 4728 454 4788 iecit.
469 4728 544 4785 Vide
558 4746 658 4803 supra,
672 4729 724 4799 IV,
738 4727 802 4787 633.
