3567 5409
423 491 476 559 466
798 492 1005 548 Mououanrn
1031 490 1207 545 lenimina

451 644 673 723 Del‘mandar
690 645 807 710 mastri
824 642 968 721 italiam,
988 663 1055 709 non
1076 644 1180 711 credo
1200 642 1250 710 sia
1271 664 1351 710 cosa
1374 643 1535 729 possibile
1557 665 1615 731 per

383 760 517 839 adesso,
536 781 597 846 per
612 780 682 825 non
699 781 854 845 rompere
870 760 894 825 li
911 758 1014 825 studii
1036 760 1079 827 de
1102 758 1316 846 philosophia
1335 760 1416 827 delli
1437 759 1545 827 nostri
1560 782 1613 826 ar·

384 873 469 941 tisti.
491 878 579 941 Pare
596 897 616 942 a
633 877 675 942 N.
695 876 735 940 P.
754 877 821 942 che
836 874 977 941 deueria
994 874 1234 961 guadagniarli
1255 876 1300 944 V.
1325 876 1366 942 R.
1389 877 1431 942 de
1447 876 1479 941 la
1496 888 1531 942 et
1547 896 1613 941 non

381 1001 533 1077 aspettar
548 990 632 1077 ogni
649 1012 731 1057 cosa
748 992 783 1057 di
800 1012 881 1076 qua.

447 1108 512 1172 Del
527 1127 612 1173 coco
628 1109 732 1174 molte
749 1108 842 1173 uolte
860 1127 966 1192 penso
991 1108 1100 1172 hauet
1122 1106 1242 1173 scritto
1262 1126 1300 1175 se
1324 1105 1408 1194 pigli
1425 1128 1494 1172 vno
1515 1128 1575 1192 per
1591 1105 1612 1171 il

379 1244 444 1288 suo
462 1222 597 1303 salario,
615 1234 650 1291 et
666 1245 735 1289 non
748 1224 918 1290 seruendo
935 1224 1023 1290 bene
1039 1224 1146 1291 Sento
1163 1225 1190 1302 ⁴,
1204 1224 1269 1288 che
1281 1220 1310 1287 si
1322 1220 1437 1289 mandi
1449 1243 1520 1288 con
1533 1220 1609 1288 Dio.

445 1338 482 1407 Si
498 1360 561 1405 son
577 1340 729 1405 mandati
748 1362 807 1425 per
824 1360 926 1405 mano
942 1340 986 1404 de
1004 1340 1104 1405 Mtr0.
1125 1338 1278 1406 Vicenzo
1296 1340 1308 1372 ³
1325 1356 1366 1423 45
1385 1337 1563 1410 Direttorii
1583 1340 1609 1417 ⁶,

378 1476 438 1540 per
454 1453 477 1519 li
493 1454 586 1539 quali
601 1456 646 1520 ho
661 1455 743 1521 dato
761 1474 779 1539 3
796 1454 895 1521 scudi
910 1452 944 1520 d'
961 1475 1022 1520 oro
1038 1476 1059 1519 a
1079 1451 1136 1520 chi
1156 1451 1179 1518 li
1201 1454 1347 1540 stampo.
1372 1454 1485 1521 Sanza
1507 1453 1608 1538 quelli

379 1569 515 1636 mandai
537 1588 582 1653 30
606 1569 704 1655 copie
723 1570 767 1636 de
787 1571 908 1637 lettere
929 1570 1009 1636 dell’
1033 1568 1129 1634 India
1149 1570 1192 1635 de
1215 1570 1328 1654 quelle
1349 1580 1530 1653 stampato
1554 1568 1610 1633 cui

377 1684 492 1771 precio
508 1684 526 1751 ὲ
545 1706 643 1770 poco,
662 1684 736 1751 cioi
755 1685 875 1770 3julii:
896 1687 939 1751 V.
961 1686 1001 1752 R.
1020 1683 1129 1751 faccia
1145 1684 1180 1750 di
1201 1686 1313 1770 quelle
1333 1696 1492 1771 presente
1514 1705 1534 1750 a
1555 1683 1608 1749 chi

378 1800 494 1866 uorrd.
513 1800 551 1869 Si
567 1801 706 1868 diedero
722 1803 834 1870 anche
850 1800 907 1867 doi
924 1800 1013 1867 scuti
1030 1802 1062 1868 d'
1079 1822 1141 1867 oro
1158 1822 1220 1887 per
1238 1800 1280 1866 V.
1300 1802 1340 1868 R.
1365 1801 1398 1866 al
1417 1802 1513 1867 detto
1531 1799 1609 1867 Vin-

377 1938 497 1984 cenzo.

443 2033 469 2098 11
487 2035 528 2102 Ρ.
546 2037 647 2101 Mtro.
668 2035 812 2101 Alberto
830 2037 854 2112 ²,
873 2034 1098 2119 quantunche
1115 2054 1184 2099 non
1201 2043 1299 2118 tropo
1319 2031 1518 2111 uoluntieri,
1546 2054 1606 2118 pur

373 2149 450 2215 dice
465 2148 616 2219 scriuerai
632 2149 689 2215 alli
706 2149 794 2229 suoi,
812 2162 847 2215 et
864 2150 955 2215 forsa
971 2171 990 2215 a
1006 2162 1127 2234 questa
1145 2151 1229 2215 hora
1246 2149 1374 2215 hauerd
1392 2146 1526 2214 scritto.

440 2264 478 2333 Si
497 2264 612 2331 scriue
631 2266 698 2331 alia
719 2264 860 2351 signore
882 2266 1022 2331 Fattora
1046 2264 1284 2350 respondendo
1307 2284 1327 2328 a
1351 2284 1413 2329 sue
1433 2263 1554 2330 lettere
1576 2266 1600 2343 ⁸,

372 2382 472 2465 quale
490 2401 642 2448 uennero
657 2400 724 2446 con
742 2381 773 2447 le
786 2380 911 2447 camise
928 2389 994 2448 etc.
1014 2379 1081 2447 Dio
1098 2381 1142 2448 N.
1166 2381 1204 2448 S.
1227 2380 1259 2445 la
1283 2390 1379 2447 uesta
1400 2380 1442 2445 de
1467 2400 1549 2445 uere
1572 2390 1605 2445 et

371 2495 480 2562 solide
497 2500 602 2575 uino,
622 2507 656 2563 et
673 2496 704 2563 le
721 2494 895 2563 remuneri
911 2497 954 2563 de
972 2496 1042 2562 vita
1058 2508 1187 2562 eterna.

439 2612 487 2678 La
500 2632 578 2678 casa
589 2612 619 2677 si
631 2612 649 2679 ὲ
662 2613 769 2678 molto
782 2622 980 2680 aumentata
992 2632 1059 2677 con
1073 2612 1194 2697 pigiiat
1208 2612 1321 2697 quella
1333 2614 1442 2679 Torre
1457 2612 1565 2678 Rossa
1579 2612 1602 2689 ⁹,

371 2739 405 2793 et
422 2727 452 2794 la
469 2737 574 2813 gente
590 2727 626 2793 di
641 2749 717 2795 essa
733 2728 752 2793 ὲ
768 2726 804 2792 in
822 2726 909 2795 assai
922 2728 1053 2813 grande
1066 2748 1221 2807 numero,
1236 2739 1271 2793 et
1284 2732 1394 2795 anche
1408 2726 1431 2793 il
1443 2726 1600 2813 collegio,

369 2843 470 2926 quale
486 2842 569 2929 ogni
584 2841 620 2909 di
638 2842 742 2909 etiam
759 2843 789 2909 si
805 2843 1004 2909 aumentarai
1021 2843 1056 2908 in
1080 2865 1223 2910 numero
1242 2854 1276 2912 et
1297 2844 1353 2911 nel
1375 2854 1467 2910 resto
1489 2864 1555 2909 con
1571 2842 1600 2907 la

368 2956 486 3024 diuina
502 2958 626 3045 gratia3
645 2970 680 3026 et
696 2958 823 3044 passati
841 2958 955 3025 alcuni
976 2958 1056 3026 anni
1077 2958 1105 3025 si
1127 2959 1225 3045 potrd
1247 2960 1318 3025 iare
1341 2959 1540 3045 prouisione
1559 2958 1599 3026 de

367 3083 472 3160 gente
488 3074 546 3159 piu
566 3085 699 3140 matura
715 3074 750 3139 in
766 3074 878 3140 littere
893 3074 1093 3141 etcostumi
1110 3074 1219 3160 peria
1235 3074 1352 3143 diuina
1368 3073 1494 3161 gratia.

432 3189 499 3257 Nel
513 3188 663 3276 collegio
679 3188 878 3275 germanico
893 3200 1018 3255 stanno
1035 3191 1135 3269 bene,
1159 3202 1194 3258 et
1218 3189 1422 3275 aspettiamo
1439 3208 1481 3256 22
1499 3190 1598 3255 tude·

364 3303 440 3370 schi
456 3302 500 3369 de
516 3325 622 3384 nouo,
641 3304 766 3389 qualia
783 3319 820 3387 15
838 3304 882 3373 de
898 3305 926 3371 F
927 3304 1044 3373 ebtaio
1060 3304 1233 3390 partirono
1249 3304 1293 3371 de
1307 3303 1441 3373 Vienna
1456 3306 1490 3370 la
1508 3305 1597 3371 uolta

364 3420 408 3485 de
424 3421 544 3499 Roma,
558 3419 594 3485 in
611 3421 714 3486 modo
731 3422 795 3486 che
812 3441 880 3486 non
899 3440 939 3487 ce
956 3423 1139 3488 mancheri
1157 3422 1272 3487 buona
1286 3419 1452 3507 famiglia.

430 3536 508 3601 Non
529 3536 628 3615 altro,
651 3557 780 3603 senon
804 3537 870 3601 che
891 3536 947 3601 all’
971 3534 1117 3602 orationi
1137 3537 1181 3604 de
1204 3538 1247 3603 V.
1273 3538 1312 3603 R.
1333 3536 1412 3603 tutti
1431 3537 1537 3602 molto
1560 3557 1597 3602 ce

364 3648 675 3716 raccomandiamo.

415 3813 426 3845 ⁴
463 3810 509 3863 De
521 3807 612 3863 fratre
625 3808 774 3880 patavino,
785 3809 833 3863 cui
845 3826 953 3864 nomen
964 3808 1091 3864 Sanctus
1101 3818 1175 3880 erat,
1187 3826 1245 3865 non
1255 3812 1348 3865 semel
1358 3809 1594 3881 supradiximus.

415 3901 426 3933 ⁵
464 3896 629 3969 Bibliopola
642 3914 792 3968 romanus,
811 3897 848 3953 de
867 3915 926 3971 quo
944 3914 1103 3969 suppresso
1121 3898 1310 3971 cognomine,
1324 3915 1413 3971 saepe
1426 3900 1540 3955 mentio
1558 3899 1596 3954 fu·

364 3995 413 4042 cta
425 3995 482 4044 est.

413 4078 425 4109 ⁶
461 4076 507 4131 De
524 4077 580 4130 hoc
597 4077 740 4147 opusculo
758 4076 788 4130 in
805 4074 980 4131 confessarii
997 4093 1031 4131 ac
1051 4076 1229 4148 poenitentis
1248 4076 1406 4133 utilitatem
1426 4094 1443 4131 a
1470 4077 1594 4133 Polanco

357 4164 532 4221 concinnato
545 4164 609 4235 agit
621 4163 745 4235 epistola
757 4165 830 4234 4058
842 4164 879 4219 ad
891 4166 1018 4235 collegia
1032 4164 1189 4221 universae
1204 4166 1372 4221 societatis.

374 4252 379 4263 ‘
412 4258 422 4285 ³
461 4254 605 4309 Aibertus
616 4253 823 4309 Fortunensis.

410 4345 421 4374 ¹⁴
460 4340 537 4395 Vide
552 4341 694 4414 epistolas
706 4342 779 4410 4260
793 4351 824 4398 et
833 4343 916 4411 4267.

409 4434 420 4466 ⁰
458 4430 506 4486 Ad
518 4448 581 4486 rem
595 4431 777 4499 PoenNCUS,
794 4428 918 4496 Cliton„
938 4431 991 4501 IV,
1008 4444 1051 4486 10:
1067 4432 1132 4487 «Ad
1145 4432 1313 4503 augendum
1326 4432 1416 4488 etiam
1438 4434 1528 4489 situm
1547 4432 1594 4488 do·

355 4538 421 4576 mus
434 4528 552 4575 nostrae
566 4518 773 4591 professorum,
791 4529 945 4593 postquam
958 4520 1062 4576 domus
1076 4520 1178 4576 Turris
1192 4521 1304 4577 rusciae
1323 4528 1423 4595 empta
1442 4520 1549 4591 fuerat,
1563 4529 1592 4577 et

355 4607 555 4681 professorum
568 4607 745 4663 habitationi
761 4606 930 4679 conjuncta,
950 4609 1024 4665 aliae
1042 4609 1187 4683 quaedam
1199 4608 1321 4682 domus,
1338 4627 1356 4666 e
1373 4610 1497 4682 regione
1514 4610 1591 4667 iilius

355 4696 480 4771 positae,
496 4697 614 4752 nomine
627 4694 754 4767 Cottegii
765 4696 889 4753 Romani
903 4704 1021 4771 emptae
1035 4706 1134 4763 sunto
