<?xml version="1.0" encoding="UTF-8"?>
<!DOCTYPE html PUBLIC "-//W3C//DTD XHTML 1.0 Transitional//EN"
    "http://www.w3.org/TR/xhtml1/DTD/xhtml1-transitional.dtd">
<html xmlns="http://www.w3.org/1999/xhtml" xml:lang="en" lang="en">
 <head>
  <title>
</title>
<meta http-equiv="Content-Type" content="text/html;charset=utf-8" />
  <meta name='ocr-system' content='tesseract 3.04.00' />
  <meta name='ocr-capabilities' content='ocr_page ocr_carea ocr_par ocr_line ocrx_word'/>
</head>
<body>
  <div class='ocr_page' id='page_1' title='image "./monumentaignati01ignagoog_0588.png"; bbox 0 0 3567 5409; ppageno 0'>
   <div class='ocr_carea' id='block_1_1' title="bbox 422 514 1207 586">
    <p class='ocr_par' dir='ltr' id='par_1_1' title="bbox 422 514 1207 586">
     <span class='ocr_line' id='line_1_1' title="bbox 422 514 1207 586; baseline -0.004 -14"><span class='ocrx_word' id='word_1_1' title='bbox 422 514 474 586; x_wconf 76' lang='lat'><strong>582</strong></span> <span class='ocrx_word' id='word_1_2' title='bbox 800 514 1008 570; x_wconf 75' lang='lat' dir='ltr'><strong>llosuunnnn</strong></span> <span class='ocrx_word' id='word_1_3' title='bbox 1028 514 1207 569; x_wconf 77' lang='lat' dir='ltr'><strong>lounnmun</strong></span> 
     </span>
    </p>
   </div>
   <div class='ocr_carea' id='block_1_2' title="bbox 384 666 1607 1684">
    <p class='ocr_par' dir='ltr' id='par_1_2' title="bbox 384 666 1604 1200">
     <span class='ocr_line' id='line_1_2' title="bbox 386 666 1597 755; baseline -0.001 -19"><span class='ocrx_word' id='word_1_4' title='bbox 386 691 471 736; x_wconf 87' lang='lat' dir='ltr'><strong>sano</strong></span> <span class='ocrx_word' id='word_1_5' title='bbox 482 670 573 738; x_wconf 88' lang='lat' dir='ltr'><strong>nella</strong></span> <span class='ocrx_word' id='word_1_6' title='bbox 584 668 716 748; x_wconf 82' lang='lat' dir='ltr'><strong>chiesa,</strong></span> <span class='ocrx_word' id='word_1_7' title='bbox 730 670 775 736; x_wconf 89' lang='lat' dir='ltr'><strong>ha</strong></span> <span class='ocrx_word' id='word_1_8' title='bbox 788 678 943 754; x_wconf 85' lang='lat' dir='ltr'><strong>resposto</strong></span> <span class='ocrx_word' id='word_1_9' title='bbox 956 670 1062 734; x_wconf 89' lang='lat' dir='ltr'><strong>molto</strong></span> <span class='ocrx_word' id='word_1_10' title='bbox 1074 669 1163 737; x_wconf 90' lang='lat' dir='ltr'>bene</span> <span class='ocrx_word' id='word_1_11' title='bbox 1175 666 1375 755; x_wconf 84' lang='lat' dir='ltr'>monsignor</span> <span class='ocrx_word' id='word_1_12' title='bbox 1387 668 1410 735; x_wconf 91' lang='lat' dir='ltr'><strong>il</strong></span> <span class='ocrx_word' id='word_1_13' title='bbox 1423 690 1563 737; x_wconf 81' lang='lat' dir='ltr'><strong>vescouo</strong></span> <span class='ocrx_word' id='word_1_14' title='bbox 1573 672 1597 735; x_wconf 85' lang='lat'><strong>⁸.</strong></span> 
     </span>
     <span class='ocr_line' id='line_1_3' title="bbox 387 784 1603 871; baseline -0.001 -17"><span class='ocrx_word' id='word_1_15' title='bbox 387 786 654 864; x_wconf 82' lang='lat' dir='ltr'><strong>Generalmente</strong></span> <span class='ocrx_word' id='word_1_16' title='bbox 675 785 851 871; x_wconf 84' lang='lat' dir='ltr'><strong>parlando,</strong></span> <span class='ocrx_word' id='word_1_17' title='bbox 875 784 911 849; x_wconf 94' lang='lat' dir='ltr'><strong>in</strong></span> <span class='ocrx_word' id='word_1_18' title='bbox 935 784 1080 870; x_wconf 88' lang='lat' dir='ltr'><strong>qualche</strong></span> <span class='ocrx_word' id='word_1_19' title='bbox 1105 784 1299 870; x_wconf 60' lang='lat' dir='ltr'><strong>particolar,</strong></span> <span class='ocrx_word' id='word_1_20' title='bbox 1321 806 1359 853; x_wconf 86' lang='lat' dir='ltr'><strong>se</strong></span> <span class='ocrx_word' id='word_1_21' title='bbox 1379 784 1408 851; x_wconf 90' lang='lat' dir='ltr'><strong>si</strong></span> <span class='ocrx_word' id='word_1_22' title='bbox 1430 784 1603 871; x_wconf 86' lang='lat' dir='ltr'><strong>giudicassi</strong></span> 
     </span>
     <span class='ocr_line' id='line_1_4' title="bbox 388 898 1604 987; baseline 0 -20"><span class='ocrx_word' id='word_1_23' title='bbox 388 923 458 968; x_wconf 91' lang='lat' dir='ltr'><strong>non</strong></span> <span class='ocrx_word' id='word_1_24' title='bbox 474 922 567 967; x_wconf 87' lang='lat' dir='ltr'><strong>esser</strong></span> <span class='ocrx_word' id='word_1_25' title='bbox 587 900 785 986; x_wconf 87' lang='lat' dir='ltr'><strong>espediente</strong></span> <span class='ocrx_word' id='word_1_26' title='bbox 805 898 1072 985; x_wconf 87' lang='lat' dir='ltr'><strong>administrargli</strong></span> <span class='ocrx_word' id='word_1_27' title='bbox 1093 900 1124 966; x_wconf 88' lang='lat' dir='ltr'><strong>la</strong></span> <span class='ocrx_word' id='word_1_28' title='bbox 1146 898 1398 981; x_wconf 89' lang='lat' dir='ltr'><strong>communione,</strong></span> <span class='ocrx_word' id='word_1_29' title='bbox 1422 922 1458 967; x_wconf 86' lang='lat' dir='ltr'><strong>se</strong></span> <span class='ocrx_word' id='word_1_30' title='bbox 1477 900 1500 967; x_wconf 92' lang='lat' dir='ltr'><strong>li</strong></span> <span class='ocrx_word' id='word_1_31' title='bbox 1516 904 1604 987; x_wconf 77' lang='lat' dir='ltr'><strong>poni</strong></span> 
     </span>
     <span class='ocr_line' id='line_1_5' title="bbox 384 1015 1604 1096; baseline 0.002 -15"><span class='ocrx_word' id='word_1_32' title='bbox 384 1017 462 1084; x_wconf 74' lang='lat' dir='ltr'><strong>,dire</strong></span> <span class='ocrx_word' id='word_1_33' title='bbox 476 1018 718 1096; x_wconf 83' lang='lat' dir='ltr'><strong>destramente,</strong></span> <span class='ocrx_word' id='word_1_34' title='bbox 732 1016 830 1082; x_wconf 82' lang='lat' dir='ltr'><strong>aceio</strong></span> <span class='ocrx_word' id='word_1_35' title='bbox 846 1036 915 1081; x_wconf 93' lang='lat' dir='ltr'><strong>non</strong></span> <span class='ocrx_word' id='word_1_36' title='bbox 928 1015 957 1081; x_wconf 92' lang='lat' dir='ltr'><strong>si</strong></span> <span class='ocrx_word' id='word_1_37' title='bbox 972 1016 1235 1095; x_wconf 79' lang='lat' dir='ltr'><strong>scandalizasse,</strong></span> <span class='ocrx_word' id='word_1_38' title='bbox 1250 1016 1318 1084; x_wconf 91' lang='lat' dir='ltr'><strong>che</strong></span> <span class='ocrx_word' id='word_1_39' title='bbox 1332 1015 1463 1083; x_wconf 84' lang='lat' dir='ltr'><strong>donesi</strong></span> <span class='ocrx_word' id='word_1_40' title='bbox 1478 1016 1604 1084; x_wconf 80' lang='lat' dir='ltr'><strong>confes-</strong></span> 
     </span>
     <span class='ocr_line' id='line_1_6' title="bbox 392 1131 877 1200; baseline -0.004 -1"><span class='ocrx_word' id='word_1_41' title='bbox 392 1154 430 1199; x_wconf 87' lang='lat' dir='ltr'><strong>sa</strong></span> <span class='ocrx_word' id='word_1_42' title='bbox 445 1134 586 1200; x_wconf 89' lang='lat' dir='ltr'><strong>doueria</strong></span> <span class='ocrx_word' id='word_1_43' title='bbox 602 1131 877 1199; x_wconf 89' lang='lat' dir='ltr'><strong>communicarsi.</strong></span> 
     </span>
    </p>

    <p class='ocr_par' dir='ltr' id='par_1_3' title="bbox 393 1233 1607 1452">
     <span class='ocr_line' id='line_1_7' title="bbox 461 1233 1607 1328; baseline -0.003 -13"><span class='ocrx_word' id='word_1_44' title='bbox 461 1251 539 1315; x_wconf 90' lang='lat' dir='ltr'><strong>Non</strong></span> <span class='ocrx_word' id='word_1_45' title='bbox 555 1233 653 1328; x_wconf 88' lang='lat' dir='ltr'><strong>altro,</strong></span> <span class='ocrx_word' id='word_1_46' title='bbox 672 1268 710 1315; x_wconf 88' lang='lat' dir='ltr'><strong>se</strong></span> <span class='ocrx_word' id='word_1_47' title='bbox 731 1270 799 1315; x_wconf 93' lang='lat' dir='ltr'><strong>non</strong></span> <span class='ocrx_word' id='word_1_48' title='bbox 821 1250 888 1316; x_wconf 93' lang='lat' dir='ltr'><strong>che</strong></span> <span class='ocrx_word' id='word_1_49' title='bbox 909 1246 964 1314; x_wconf 87' lang='lat' dir='ltr'><strong>all&#39;</strong></span> <span class='ocrx_word' id='word_1_50' title='bbox 980 1247 1124 1315; x_wconf 90' lang='lat' dir='ltr'><strong>orationi</strong></span> <span class='ocrx_word' id='word_1_51' title='bbox 1145 1246 1181 1312; x_wconf 91' lang='lat' dir='ltr'><strong>di</strong></span> <span class='ocrx_word' id='word_1_52' title='bbox 1203 1248 1246 1314; x_wconf 89' lang='lat' dir='ltr'><strong>V.</strong></span> <span class='ocrx_word' id='word_1_53' title='bbox 1266 1248 1308 1315; x_wconf 90' lang='lat' dir='ltr'><strong>R.</strong></span> <span class='ocrx_word' id='word_1_54' title='bbox 1331 1249 1437 1314; x_wconf 88' lang='lat' dir='ltr'><strong>molto</strong></span> <span class='ocrx_word' id='word_1_55' title='bbox 1452 1248 1481 1314; x_wconf 94' lang='lat' dir='ltr'><strong>ci</strong></span> <span class='ocrx_word' id='word_1_56' title='bbox 1499 1268 1607 1313; x_wconf 84' lang='lat' dir='ltr'><strong>racco-</strong></span> 
     </span>
     <span class='ocr_line' id='line_1_8' title="bbox 393 1363 1471 1452; baseline -0.003 -21"><span class='ocrx_word' id='word_1_57' title='bbox 393 1364 588 1431; x_wconf 86' lang='lat' dir='ltr'><strong>mandiamo</strong></span> <span class='ocrx_word' id='word_1_58' title='bbox 604 1363 747 1434; x_wconf 82' lang='lat' dir='ltr'>insieme</span> <span class='ocrx_word' id='word_1_59' title='bbox 762 1386 828 1431; x_wconf 90' lang='lat' dir='ltr'><strong>con</strong></span> <span class='ocrx_word' id='word_1_60' title='bbox 844 1365 893 1452; x_wconf 85' lang='lat' dir='ltr'><strong>gli</strong></span> <span class='ocrx_word' id='word_1_61' title='bbox 910 1365 987 1431; x_wconf 88' lang='lat' dir='ltr'><strong>altri</strong></span> <span class='ocrx_word' id='word_1_62' title='bbox 1003 1364 1193 1431; x_wconf 86' lang='lat' dir='ltr'><strong>charissimi</strong></span> <span class='ocrx_word' id='word_1_63' title='bbox 1210 1364 1319 1431; x_wconf 81' lang='lat' dir='ltr'><strong>nostri</strong></span> <span class='ocrx_word' id='word_1_64' title='bbox 1335 1364 1471 1431; x_wconf 79' lang='lat' dir='ltr'><strong>fratelli.</strong></span> 
     </span>
    </p>

    <p class='ocr_par' dir='ltr' id='par_1_4' title="bbox 462 1481 992 1567">
     <span class='ocr_line' id='line_1_9' title="bbox 462 1481 992 1567; baseline -0.006 -18"><span class='ocrx_word' id='word_1_65' title='bbox 462 1484 515 1549; x_wconf 88' lang='lat' dir='ltr'><strong>De</strong></span> <span class='ocrx_word' id='word_1_66' title='bbox 532 1484 643 1548; x_wconf 87' lang='lat' dir='ltr'><strong>Roma</strong></span> <span class='ocrx_word' id='word_1_67' title='bbox 659 1498 678 1564; x_wconf 90' lang='lat'>7</span> <span class='ocrx_word' id='word_1_68' title='bbox 695 1482 740 1550; x_wconf 88' lang='lat' dir='ltr'><strong>de</strong></span> <span class='ocrx_word' id='word_1_69' title='bbox 756 1481 875 1567; x_wconf 86' lang='lat' dir='ltr'><strong>Aprile</strong></span> <span class='ocrx_word' id='word_1_70' title='bbox 896 1496 992 1565; x_wconf 82' lang='lat'>1554.</span> 
     </span>
    </p>

    <p class='ocr_par' dir='ltr' id='par_1_5' title="bbox 464 1596 1255 1684">
     <span class='ocr_line' id='line_1_10' title="bbox 464 1596 1255 1684; baseline -0.003 -21"><span class='ocrx_word' id='word_1_71' title='bbox 464 1599 661 1684; x_wconf 81' lang='lat' dir='ltr'><strong>Inscriptio.</strong></span> <span class='ocrx_word' id='word_1_72' title='bbox 681 1600 713 1664; x_wconf 89' lang='lat' dir='ltr'>A</span> <span class='ocrx_word' id='word_1_73' title='bbox 730 1598 890 1665; x_wconf 83' lang='lat' dir='ltr'><strong>Modena.</strong></span> <span class='ocrx_word' id='word_1_74' title='bbox 910 1598 943 1663; x_wconf 89' lang='lat' dir='ltr'>A</span> <span class='ocrx_word' id='word_1_75' title='bbox 960 1599 1063 1663; x_wconf 86' lang='lat' dir='ltr'><strong>Mtro.</strong></span> <span class='ocrx_word' id='word_1_76' title='bbox 1084 1596 1255 1683; x_wconf 89' lang='lat' dir='ltr'><strong>Philippo.</strong></span> 
     </span>
    </p>
   </div>
   <div class='ocr_carea' id='block_1_3' title="bbox 589 1786 1442 2029">
    <p class='ocr_par' dir='ltr' id='par_1_6' title="bbox 589 1786 1442 2029">
     <span class='ocr_line' id='line_1_11' title="bbox 959 1786 1150 1868; baseline 0.005 -2"><span class='ocrx_word' id='word_1_77' title='bbox 959 1786 1067 1868; x_wconf 78' lang='lat'><strong>4348</strong></span> <span class='ocrx_word' id='word_1_78' title='bbox 1145 1816 1150 1827; x_wconf 76' lang='lat'><strong><em>‘</em></strong></span> 
     </span>
     <span class='ocr_line' id='line_1_12' title="bbox 589 1918 1442 2029; baseline -0.006 -42"><span class='ocrx_word' id='word_1_79' title='bbox 589 1920 815 1987; x_wconf 83' lang='lat' dir='ltr'><strong>ANDREAE</strong></span> <span class='ocrx_word' id='word_1_80' title='bbox 840 1920 1185 2029; x_wconf 39' lang='lat' dir='ltr'><strong>BONINSEGNAE&#39;</strong></span> <span class='ocrx_word' id='word_1_81' title='bbox 1201 1920 1263 1985; x_wconf 87' lang='lat' dir='ltr'><strong>EX</strong></span> <span class='ocrx_word' id='word_1_82' title='bbox 1288 1918 1442 1987; x_wconf 84' lang='lat' dir='ltr'><strong>COMM.</strong></span> 
     </span>
    </p>
   </div>
   <div class='ocr_carea' id='block_1_4' title="bbox 813 2046 1208 2113">
    <p class='ocr_par' dir='ltr' id='par_1_7' title="bbox 813 2046 1208 2113">
     <span class='ocr_line' id='line_1_13' title="bbox 813 2046 1208 2113; baseline 0.008 -16"><span class='ocrx_word' id='word_1_83' title='bbox 813 2056 902 2099; x_wconf 73' lang='lat' dir='ltr'><strong>noua</strong></span> <span class='ocrx_word' id='word_1_84' title='bbox 920 2056 938 2113; x_wconf 85' lang='lat'><strong>7</strong></span> <span class='ocrx_word' id='word_1_85' title='bbox 957 2055 1079 2099; x_wconf 72' lang='lat' dir='ltr'><strong>annisis</strong></span> <span class='ocrx_word' id='word_1_86' title='bbox 1100 2054 1169 2113; x_wconf 83' lang='lat'>1554</span> <span class='ocrx_word' id='word_1_87' title='bbox 1189 2046 1208 2100; x_wconf 89' lang='lat'><strong>¹.</strong></span> 
     </span>
    </p>
   </div>
   <div class='ocr_carea' id='block_1_5' title="bbox 465 2176 1560 2339">
    <p class='ocr_par' dir='ltr' id='par_1_8' title="bbox 465 2176 1560 2339">
     <span class='ocr_line' id='line_1_14' title="bbox 465 2176 1560 2249; baseline -0.005 -14"><span class='ocrx_word' id='word_1_88' title='bbox 465 2182 605 2235; x_wconf 78' lang='lat' dir='ltr'><strong>Andreae</strong></span> <span class='ocrx_word' id='word_1_89' title='bbox 617 2184 645 2233; x_wconf 82' lang='lat' dir='ltr'><strong>el</strong></span> <span class='ocrx_word' id='word_1_90' title='bbox 660 2179 833 2247; x_wconf 75' lang='lat' dir='ltr'><strong>Francisco,</strong></span> <span class='ocrx_word' id='word_1_91' title='bbox 844 2181 882 2234; x_wconf 79' lang='lat' dir='ltr'><strong>de</strong></span> <span class='ocrx_word' id='word_1_92' title='bbox 893 2178 1016 2249; x_wconf 75' lang='lat' dir='ltr'><strong>collegii</strong></span> <span class='ocrx_word' id='word_1_93' title='bbox 1031 2196 1123 2233; x_wconf 82' lang='lat' dir='ltr'><strong>cursu</strong></span> <span class='ocrx_word' id='word_1_94' title='bbox 1137 2178 1384 2241; x_wconf 75' lang='lat' dir='ltr'><strong>lamentantibus,</strong></span> <span class='ocrx_word' id='word_1_95' title='bbox 1397 2176 1560 2246; x_wconf 72' lang='lat' dir='ltr'><strong>prudenter</strong></span> 
     </span>
     <span class='ocr_line' id='line_1_15' title="bbox 929 2268 1100 2339; baseline 0.006 -18"><span class='ocrx_word' id='word_1_96' title='bbox 929 2268 1100 2339; x_wconf 72' lang='lat' dir='ltr'><strong>respondet.</strong></span> 
     </span>
    </p>
   </div>
   <div class='ocr_carea' id='block_1_6' title="bbox 375 2422 1629 4369">
    <p class='ocr_par' dir='ltr' id='par_1_9' title="bbox 375 2422 1270 2619">
     <span class='ocr_line' id='line_1_16' title="bbox 473 2422 617 2489; baseline 0 0"><span class='ocrx_word' id='word_1_97' title='bbox 473 2425 544 2489; x_wconf 81' lang='lat' dir='ltr'><strong>Pax</strong></span> <span class='ocrx_word' id='word_1_98' title='bbox 560 2422 617 2489; x_wconf 81' lang='lat' dir='ltr'><strong>X.i</strong></span> 
     </span>
     <span class='ocr_line' id='line_1_17' title="bbox 375 2536 1270 2619; baseline -0.004 -14"><span class='ocrx_word' id='word_1_99' title='bbox 375 2555 379 2566; x_wconf 85' lang='lat'>&#39;</span> <span class='ocrx_word' id='word_1_100' title='bbox 471 2538 681 2605; x_wconf 83' lang='lat' dir='ltr'><strong>Charissimo</strong></span> <span class='ocrx_word' id='word_1_101' title='bbox 699 2537 734 2603; x_wconf 92' lang='lat' dir='ltr'><strong>in</strong></span> <span class='ocrx_word' id='word_1_102' title='bbox 750 2536 812 2603; x_wconf 90' lang='lat' dir='ltr'><strong>X.⁰</strong></span> <span class='ocrx_word' id='word_1_103' title='bbox 830 2537 974 2619; x_wconf 81' lang='lat' dir='ltr'><strong>fratel10,</strong></span> <span class='ocrx_word' id='word_1_104' title='bbox 995 2540 1096 2605; x_wconf 85' lang='lat' dir='ltr'><strong>th.</strong></span> <span class='ocrx_word' id='word_1_105' title='bbox 1117 2537 1270 2604; x_wconf 84' lang='lat' dir='ltr'><strong>Andrea.</strong></span> 
     </span>
    </p>

    <p class='ocr_par' dir='ltr' id='par_1_10' title="bbox 402 2636 1618 2971">
     <span class='ocr_line' id='line_1_18' title="bbox 471 2636 1618 2738; baseline -0.006 -17"><span class='ocrx_word' id='word_1_106' title='bbox 471 2656 519 2721; x_wconf 90' lang='lat' dir='ltr'><strong>La</strong></span> <span class='ocrx_word' id='word_1_107' title='bbox 536 2664 695 2738; x_wconf 84' lang='lat' dir='ltr'><strong>presente</strong></span> <span class='ocrx_word' id='word_1_108' title='bbox 709 2641 824 2718; x_wconf 84' lang='lat' dir='ltr'><strong>scriuo</strong></span> <span class='ocrx_word' id='word_1_109' title='bbox 840 2654 947 2718; x_wconf 91' lang='lat' dir='ltr'><strong>molto</strong></span> <span class='ocrx_word' id='word_1_110' title='bbox 963 2652 997 2718; x_wconf 91' lang='lat' dir='ltr'><strong>in</strong></span> <span class='ocrx_word' id='word_1_111' title='bbox 1014 2654 1120 2719; x_wconf 86' lang='lat' dir='ltr'><strong>breue</strong></span> <span class='ocrx_word' id='word_1_112' title='bbox 1137 2652 1232 2719; x_wconf 84' lang='lat' dir='ltr'><strong>accio</strong></span> <span class='ocrx_word' id='word_1_113' title='bbox 1248 2636 1428 2719; x_wconf 83' lang='lat' dir='ltr'><strong>intendiati</strong></span> <span class='ocrx_word' id='word_1_114' title='bbox 1445 2654 1508 2718; x_wconf 89' lang='lat' dir='ltr'><strong>che</strong></span> <span class='ocrx_word' id='word_1_115' title='bbox 1525 2654 1567 2717; x_wconf 93' lang='lat' dir='ltr'><strong>ho</strong></span> <span class='ocrx_word' id='word_1_116' title='bbox 1581 2648 1618 2714; x_wconf 89' lang='lat' dir='ltr'><strong>ri·</strong></span> 
     </span>
     <span class='ocr_line' id='line_1_19' title="bbox 402 2766 1618 2847; baseline -0.007 -9"><span class='ocrx_word' id='word_1_117' title='bbox 402 2782 529 2838; x_wconf 88' lang='lat' dir='ltr'><strong>ceuuto</strong></span> <span class='ocrx_word' id='word_1_118' title='bbox 545 2771 577 2835; x_wconf 88' lang='lat' dir='ltr'><strong>la</strong></span> <span class='ocrx_word' id='word_1_119' title='bbox 595 2780 712 2835; x_wconf 90' lang='lat' dir='ltr'><strong>uostra</strong></span> <span class='ocrx_word' id='word_1_120' title='bbox 727 2789 793 2834; x_wconf 92' lang='lat' dir='ltr'><strong>con</strong></span> <span class='ocrx_word' id='word_1_121' title='bbox 810 2769 832 2832; x_wconf 88' lang='lat' dir='ltr'><strong>l’</strong></span> <span class='ocrx_word' id='word_1_122' title='bbox 854 2769 940 2835; x_wconf 87' lang='lat' dir='ltr'><strong>altra</strong></span> <span class='ocrx_word' id='word_1_123' title='bbox 963 2770 1007 2834; x_wconf 90' lang='lat' dir='ltr'><strong>de</strong></span> <span class='ocrx_word' id='word_1_124' title='bbox 1028 2770 1129 2834; x_wconf 86' lang='lat' dir='ltr'><strong>Mtro.</strong></span> <span class='ocrx_word' id='word_1_125' title='bbox 1149 2769 1176 2834; x_wconf 88' lang='lat' dir='ltr'>F</span> <span class='ocrx_word' id='word_1_126' title='bbox 1178 2788 1342 2835; x_wconf 86' lang='lat' dir='ltr'><strong>rancesco</strong></span> <span class='ocrx_word' id='word_1_127' title='bbox 1358 2768 1388 2847; x_wconf 83' lang='lat'><strong>¹,</strong></span> <span class='ocrx_word' id='word_1_128' title='bbox 1407 2780 1443 2837; x_wconf 89' lang='lat' dir='ltr'><strong>et</strong></span> <span class='ocrx_word' id='word_1_129' title='bbox 1459 2789 1528 2834; x_wconf 91' lang='lat' dir='ltr'><strong>una</strong></span> <span class='ocrx_word' id='word_1_130' title='bbox 1544 2766 1618 2833; x_wconf 86' lang='lat' dir='ltr'><strong>altra</strong></span> 
     </span>
     <span class='ocr_line' id='line_1_20' title="bbox 404 2882 1329 2971; baseline -0.004 -17"><span class='ocrx_word' id='word_1_131' title='bbox 404 2886 498 2953; x_wconf 88' lang='lat' dir='ltr'><strong>uolta</strong></span> <span class='ocrx_word' id='word_1_132' title='bbox 514 2886 543 2951; x_wconf 91' lang='lat' dir='ltr'><strong>si</strong></span> <span class='ocrx_word' id='word_1_133' title='bbox 560 2886 657 2971; x_wconf 80' lang='lat' dir='ltr'><strong>potrai</strong></span> <span class='ocrx_word' id='word_1_134' title='bbox 675 2884 880 2971; x_wconf 85' lang='lat' dir='ltr'><strong>respondere</strong></span> <span class='ocrx_word' id='word_1_135' title='bbox 897 2884 954 2971; x_wconf 79' lang='lat' dir='ltr'><strong>piu</strong></span> <span class='ocrx_word' id='word_1_136' title='bbox 971 2907 992 2951; x_wconf 92' lang='lat' dir='ltr'><strong>a</strong></span> <span class='ocrx_word' id='word_1_137' title='bbox 1008 2884 1108 2971; x_wconf 86' lang='lat' dir='ltr'><strong>pieno</strong></span> <span class='ocrx_word' id='word_1_138' title='bbox 1124 2905 1143 2949; x_wconf 91' lang='lat' dir='ltr'><strong>a</strong></span> <span class='ocrx_word' id='word_1_139' title='bbox 1161 2882 1240 2949; x_wconf 87' lang='lat' dir='ltr'><strong>tutti</strong></span> <span class='ocrx_word' id='word_1_140' title='bbox 1256 2884 1329 2950; x_wconf 90' lang='lat' dir='ltr'><strong>doi.</strong></span> 
     </span>
    </p>

    <p class='ocr_par' dir='ltr' id='par_1_11' title="bbox 395 2995 1629 4369">
     <span class='ocr_line' id='line_1_21' title="bbox 471 2995 1621 3099; baseline -0.006 -32"><span class='ocrx_word' id='word_1_141' title='bbox 471 3003 537 3067; x_wconf 79' lang='lat' dir='ltr'><strong>Per</strong></span> <span class='ocrx_word' id='word_1_142' title='bbox 553 3013 674 3085; x_wconf 80' lang='lat' dir='ltr'><strong>questa</strong></span> <span class='ocrx_word' id='word_1_143' title='bbox 690 3000 764 3066; x_wconf 83' lang='lat' dir='ltr'><strong>diro</strong></span> <span class='ocrx_word' id='word_1_144' title='bbox 778 3002 844 3067; x_wconf 90' lang='lat' dir='ltr'><strong>che</strong></span> <span class='ocrx_word' id='word_1_145' title='bbox 860 2999 885 3065; x_wconf 93' lang='lat' dir='ltr'><strong>il</strong></span> <span class='ocrx_word' id='word_1_146' title='bbox 902 3001 941 3067; x_wconf 89' lang='lat' dir='ltr'><strong>P.</strong></span> <span class='ocrx_word' id='word_1_147' title='bbox 960 3002 1022 3067; x_wconf 90' lang='lat' dir='ltr'><strong>Dr.</strong></span> <span class='ocrx_word' id='word_1_148' title='bbox 1042 3001 1154 3067; x_wconf 86' lang='lat' dir='ltr'><strong>Olane</strong></span> <span class='ocrx_word' id='word_1_149' title='bbox 1171 3003 1214 3066; x_wconf 91' lang='lat' dir='ltr'><strong>ha</strong></span> <span class='ocrx_word' id='word_1_150' title='bbox 1236 3011 1372 3087; x_wconf 86' lang='lat' dir='ltr'><strong>passato</strong></span> <span class='ocrx_word' id='word_1_151' title='bbox 1388 2999 1501 3085; x_wconf 86' lang='lat' dir='ltr'><strong>questi</strong></span> <span class='ocrx_word' id='word_1_152' title='bbox 1518 2995 1621 3099; x_wconf 83' lang='lat' dir='ltr'><strong>giomi</strong></span> 
     </span>
     <span class='ocr_line' id='line_1_22' title="bbox 404 3114 1622 3210; baseline -0.004 -28"><span class='ocrx_word' id='word_1_153' title='bbox 404 3140 466 3204; x_wconf 85' lang='lat' dir='ltr'><strong>pet</strong></span> <span class='ocrx_word' id='word_1_154' title='bbox 484 3118 640 3203; x_wconf 81' lang='lat' dir='ltr'><strong>Bologna</strong></span> <span class='ocrx_word' id='word_1_155' title='bbox 656 3128 690 3182; x_wconf 94' lang='lat' dir='ltr'><strong>et</strong></span> <span class='ocrx_word' id='word_1_156' title='bbox 707 3118 867 3197; x_wconf 83' lang='lat' dir='ltr'><strong>Ferrara3</strong></span> <span class='ocrx_word' id='word_1_157' title='bbox 887 3127 922 3181; x_wconf 84' lang='lat' dir='ltr'><strong>et</strong></span> <span class='ocrx_word' id='word_1_158' title='bbox 938 3116 1025 3181; x_wconf 90' lang='lat' dir='ltr'><strong>oltra</strong></span> <span class='ocrx_word' id='word_1_159' title='bbox 1044 3116 1079 3210; x_wconf 88' lang='lat' dir='ltr'><strong>di</strong></span> <span class='ocrx_word' id='word_1_160' title='bbox 1096 3115 1223 3201; x_wconf 91' lang='lat' dir='ltr'><strong>quello,</strong></span> <span class='ocrx_word' id='word_1_161' title='bbox 1241 3117 1309 3184; x_wconf 92' lang='lat' dir='ltr'><strong>che</strong></span> <span class='ocrx_word' id='word_1_162' title='bbox 1324 3116 1420 3201; x_wconf 77' lang='lat' dir='ltr'><strong>potri</strong></span> <span class='ocrx_word' id='word_1_163' title='bbox 1442 3114 1622 3201; x_wconf 89' lang='lat' dir='ltr'><strong>prouedere</strong></span> 
     </span>
     <span class='ocr_line' id='line_1_23' title="bbox 405 3230 1621 3322; baseline -0.006 -22"><span class='ocrx_word' id='word_1_164' title='bbox 405 3236 477 3322; x_wconf 84' lang='lat' dir='ltr'>(per</span> <span class='ocrx_word' id='word_1_165' title='bbox 499 3233 523 3299; x_wconf 95' lang='lat' dir='ltr'><strong>il</strong></span> <span class='ocrx_word' id='word_1_166' title='bbox 539 3236 605 3299; x_wconf 90' lang='lat' dir='ltr'><strong>che</strong></span> <span class='ocrx_word' id='word_1_167' title='bbox 622 3254 665 3299; x_wconf 93' lang='lat' dir='ltr'><strong>ne</strong></span> <span class='ocrx_word' id='word_1_168' title='bbox 681 3234 728 3300; x_wconf 94' lang='lat' dir='ltr'><strong>ha</strong></span> <span class='ocrx_word' id='word_1_169' title='bbox 743 3231 971 3319; x_wconf 82' lang='lat' dir='ltr'><strong>grandissima</strong></span> <span class='ocrx_word' id='word_1_170' title='bbox 992 3232 1163 3316; x_wconf 75' lang='lat' dir='ltr'><strong>autorital),</strong></span> <span class='ocrx_word' id='word_1_171' title='bbox 1181 3232 1256 3299; x_wconf 74' lang='lat' dir='ltr'><strong>sarai</strong></span> <span class='ocrx_word' id='word_1_172' title='bbox 1277 3232 1461 3300; x_wconf 81' lang='lat' dir='ltr'><strong>informato</strong></span> <span class='ocrx_word' id='word_1_173' title='bbox 1482 3254 1502 3298; x_wconf 88' lang='lat' dir='ltr'><strong>a</strong></span> <span class='ocrx_word' id='word_1_174' title='bbox 1517 3230 1621 3319; x_wconf 81' lang='lat' dir='ltr'><strong>pleno,</strong></span> 
     </span>
     <span class='ocr_line' id='line_1_24' title="bbox 406 3326 1563 3437; baseline -0.005 -18"><span class='ocrx_word' id='word_1_175' title='bbox 406 3364 441 3419; x_wconf 80' lang='lat' dir='ltr'><strong>et</strong></span> <span class='ocrx_word' id='word_1_176' title='bbox 457 3351 491 3417; x_wconf 93' lang='lat' dir='ltr'><strong>di</strong></span> <span class='ocrx_word' id='word_1_177' title='bbox 509 3372 577 3435; x_wconf 90' lang='lat' dir='ltr'><strong>qua</strong></span> <span class='ocrx_word' id='word_1_178' title='bbox 593 3349 622 3416; x_wconf 89' lang='lat' dir='ltr'><strong>si</strong></span> <span class='ocrx_word' id='word_1_179' title='bbox 639 3349 736 3437; x_wconf 75' lang='lat' dir='ltr'><strong>putri</strong></span> <span class='ocrx_word' id='word_1_180' title='bbox 755 3350 806 3415; x_wconf 83' lang='lat' dir='ltr'><strong>far</strong></span> <span class='ocrx_word' id='word_1_181' title='bbox 822 3348 1024 3417; x_wconf 83' lang='lat' dir='ltr'><strong>risolutione</strong></span> <span class='ocrx_word' id='word_1_182' title='bbox 1038 3350 1190 3417; x_wconf 82' lang='lat' dir='ltr'><strong>secondo</strong></span> <span class='ocrx_word' id='word_1_183' title='bbox 1207 3348 1230 3415; x_wconf 92' lang='lat' dir='ltr'><strong>il</strong></span> <span class='ocrx_word' id='word_1_184' title='bbox 1245 3370 1312 3416; x_wconf 92' lang='lat' dir='ltr'><strong>suo</strong></span> <span class='ocrx_word' id='word_1_185' title='bbox 1329 3348 1519 3437; x_wconf 84' lang='lat' dir='ltr'><strong>raguaglio.</strong></span> <span class='ocrx_word' id='word_1_186' title='bbox 1559 3326 1563 3332; x_wconf 35' lang='lat'>¹</span> 
     </span>
     <span class='ocr_line' id='line_1_25' title="bbox 395 3452 1625 3553; baseline -0.007 -18"><span class='ocrx_word' id='word_1_187' title='bbox 395 3479 399 3485; x_wconf 84' lang='grc'><strong>’</strong></span> <span class='ocrx_word' id='word_1_188' title='bbox 474 3470 527 3535; x_wconf 87' lang='lat' dir='ltr'><strong>De</strong></span> <span class='ocrx_word' id='word_1_189' title='bbox 543 3464 601 3553; x_wconf 81' lang='lat' dir='ltr'><strong>piu</strong></span> <span class='ocrx_word' id='word_1_190' title='bbox 618 3479 742 3551; x_wconf 84' lang='lat' dir='ltr'><strong>questo</strong></span> <span class='ocrx_word' id='word_1_191' title='bbox 759 3466 954 3533; x_wconf 83' lang='lat' dir='ltr'><strong>Settembre</strong></span> <span class='ocrx_word' id='word_1_192' title='bbox 970 3488 991 3531; x_wconf 94' lang='lat' dir='ltr'><strong>o</strong></span> <span class='ocrx_word' id='word_1_193' title='bbox 1004 3487 1088 3542; x_wconf 85' lang='lat' dir='ltr'><strong>uero</strong></span> <span class='ocrx_word' id='word_1_194' title='bbox 1104 3452 1253 3533; x_wconf 77' lang='lat' dir='ltr'><strong>Otlobre</strong></span> <span class='ocrx_word' id='word_1_195' title='bbox 1265 3466 1290 3531; x_wconf 92' lang='lat' dir='ltr'><strong>il</strong></span> <span class='ocrx_word' id='word_1_196' title='bbox 1303 3467 1342 3531; x_wconf 87' lang='lat' dir='ltr'><strong>P.</strong></span> <span class='ocrx_word' id='word_1_197' title='bbox 1360 3468 1461 3533; x_wconf 85' lang='lat' dir='ltr'><strong>Mtro</strong></span> <span class='ocrx_word' id='word_1_198' title='bbox 1478 3460 1625 3531; x_wconf 88' lang='lat' dir='ltr'><strong>Hieroni·</strong></span> 
     </span>
     <span class='ocr_line' id='line_1_26' title="bbox 408 3576 1626 3669; baseline -0.004 -21"><span class='ocrx_word' id='word_1_199' title='bbox 408 3605 464 3648; x_wconf 93' lang='lat' dir='ltr'><strong>mo</strong></span> <span class='ocrx_word' id='word_1_200' title='bbox 482 3583 604 3663; x_wconf 92' lang='lat' dir='ltr'><strong>Nadal,</strong></span> <span class='ocrx_word' id='word_1_201' title='bbox 624 3581 782 3650; x_wconf 85' lang='lat' dir='ltr'><strong>uenendo</strong></span> <span class='ocrx_word' id='word_1_202' title='bbox 797 3581 841 3647; x_wconf 91' lang='lat' dir='ltr'><strong>de</strong></span> <span class='ocrx_word' id='word_1_203' title='bbox 857 3582 1000 3669; x_wconf 83' lang='lat' dir='ltr'><strong>Spagna</strong></span> <span class='ocrx_word' id='word_1_204' title='bbox 1022 3594 1056 3649; x_wconf 85' lang='lat' dir='ltr'><strong>et</strong></span> <span class='ocrx_word' id='word_1_205' title='bbox 1074 3582 1277 3669; x_wconf 86' lang='lat' dir='ltr'><strong>Portugallo</strong></span> <span class='ocrx_word' id='word_1_206' title='bbox 1293 3582 1336 3667; x_wconf 91' lang='lat' dir='ltr'><strong>(le</strong></span> <span class='ocrx_word' id='word_1_207' title='bbox 1352 3580 1443 3665; x_wconf 88' lang='lat' dir='ltr'><strong>quali</strong></span> <span class='ocrx_word' id='word_1_208' title='bbox 1458 3576 1626 3667; x_wconf 87' lang='lat' dir='ltr'><strong>prouincie</strong></span> 
     </span>
     <span class='ocr_line' id='line_1_27' title="bbox 409 3677 1626 3792; baseline -0.002 -29"><span class='ocrx_word' id='word_1_209' title='bbox 409 3700 455 3764; x_wconf 90' lang='lat' dir='ltr'><strong>ha</strong></span> <span class='ocrx_word' id='word_1_210' title='bbox 468 3697 606 3764; x_wconf 86' lang='lat' dir='ltr'><strong>uisitato</strong></span> <span class='ocrx_word' id='word_1_211' title='bbox 618 3717 717 3763; x_wconf 88' lang='lat' dir='ltr'><strong>come</strong></span> <span class='ocrx_word' id='word_1_212' title='bbox 732 3677 977 3778; x_wconf 84' lang='lat' dir='ltr'><strong>commissario,</strong></span> <span class='ocrx_word' id='word_1_213' title='bbox 991 3718 1066 3763; x_wconf 90' lang='lat' dir='ltr'><strong>com</strong></span> <span class='ocrx_word' id='word_1_214' title='bbox 1080 3680 1276 3783; x_wconf 84' lang='lat' dir='ltr'><strong>plenissima</strong></span> <span class='ocrx_word' id='word_1_215' title='bbox 1293 3684 1441 3763; x_wconf 71' lang='lat' dir='ltr'><strong>autoritl</strong></span> <span class='ocrx_word' id='word_1_216' title='bbox 1454 3694 1494 3792; x_wconf 85' lang='lat' dir='ltr'><strong>di</strong></span> <span class='ocrx_word' id='word_1_217' title='bbox 1507 3697 1554 3777; x_wconf 90' lang='lat' dir='ltr'><strong>N.</strong></span> <span class='ocrx_word' id='word_1_218' title='bbox 1567 3692 1626 3786; x_wconf 66' lang='lat' dir='ltr'><strong>R).</strong></span> 
     </span>
     <span class='ocr_line' id='line_1_28' title="bbox 414 3788 1629 3900; baseline -0.002 -22"><span class='ocrx_word' id='word_1_219' title='bbox 414 3811 552 3878; x_wconf 76' lang='lat' dir='ltr'><strong>uisitara</strong></span> <span class='ocrx_word' id='word_1_220' title='bbox 568 3833 691 3879; x_wconf 88' lang='lat' dir='ltr'><strong>ancora</strong></span> <span class='ocrx_word' id='word_1_221' title='bbox 710 3813 790 3878; x_wconf 91' lang='lat' dir='ltr'><strong>tutti</strong></span> <span class='ocrx_word' id='word_1_222' title='bbox 805 3812 829 3878; x_wconf 89' lang='lat' dir='ltr'><strong>li</strong></span> <span class='ocrx_word' id='word_1_223' title='bbox 844 3814 969 3900; x_wconf 85' lang='lat' dir='ltr'><strong>collegi</strong></span> <span class='ocrx_word' id='word_1_224' title='bbox 986 3813 1021 3878; x_wconf 93' lang='lat' dir='ltr'><strong>di</strong></span> <span class='ocrx_word' id='word_1_225' title='bbox 1038 3788 1146 3895; x_wconf 84' lang='lat' dir='ltr'><strong>ltalia3</strong></span> <span class='ocrx_word' id='word_1_226' title='bbox 1165 3824 1200 3881; x_wconf 92' lang='lat' dir='ltr'><strong>et</strong></span> <span class='ocrx_word' id='word_1_227' title='bbox 1217 3812 1235 3881; x_wconf 83' lang='grc' dir='ltr'>ὲ</span> <span class='ocrx_word' id='word_1_228' title='bbox 1252 3815 1381 3880; x_wconf 90' lang='lat' dir='ltr'><strong>huomo</strong></span> <span class='ocrx_word' id='word_1_229' title='bbox 1393 3812 1428 3878; x_wconf 91' lang='lat' dir='ltr'><strong>di</strong></span> <span class='ocrx_word' id='word_1_230' title='bbox 1440 3804 1629 3899; x_wconf 51' lang='lat' dir='ltr'><strong>grande‘ta·</strong></span> 
     </span>
     <span class='ocr_line' id='line_1_29' title="bbox 411 3909 1629 4014; baseline -0.002 -20"><span class='ocrx_word' id='word_1_231' title='bbox 411 3929 505 3997; x_wconf 85' lang='lat' dir='ltr'><strong>lento</strong></span> <span class='ocrx_word' id='word_1_232' title='bbox 521 3909 561 3993; x_wconf 90' lang='lat' dir='ltr'><strong>in</strong></span> <span class='ocrx_word' id='word_1_233' title='bbox 573 3928 710 3993; x_wconf 87' lang='lat' dir='ltr'><strong>ordinar</strong></span> <span class='ocrx_word' id='word_1_234' title='bbox 725 3928 748 3993; x_wconf 87' lang='lat' dir='ltr'><strong>li</strong></span> <span class='ocrx_word' id='word_1_235' title='bbox 765 3928 868 3994; x_wconf 88' lang='lat' dir='ltr'><strong>studii</strong></span> <span class='ocrx_word' id='word_1_236' title='bbox 885 3940 920 3997; x_wconf 88' lang='lat' dir='ltr'><strong>et</strong></span> <span class='ocrx_word' id='word_1_237' title='bbox 938 3939 1028 3995; x_wconf 89' lang='lat' dir='ltr'><strong>tutto</strong></span> <span class='ocrx_word' id='word_1_238' title='bbox 1044 3929 1065 3993; x_wconf 93' lang='lat' dir='ltr'><strong>il</strong></span> <span class='ocrx_word' id='word_1_239' title='bbox 1083 3940 1185 3997; x_wconf 80' lang='lat' dir='ltr'><strong>resto.</strong></span> <span class='ocrx_word' id='word_1_240' title='bbox 1207 3930 1243 3997; x_wconf 92' lang='lat' dir='ltr'><strong>ln</strong></span> <span class='ocrx_word' id='word_1_241' title='bbox 1260 3941 1384 4014; x_wconf 87' lang='lat' dir='ltr'><strong>questo</strong></span> <span class='ocrx_word' id='word_1_242' title='bbox 1400 3948 1496 4000; x_wconf 83' lang='lat' dir='ltr'><strong>mezo</strong></span> <span class='ocrx_word' id='word_1_243' title='bbox 1512 3930 1544 3995; x_wconf 91' lang='lat' dir='ltr'><strong>le</strong></span> <span class='ocrx_word' id='word_1_244' title='bbox 1559 3946 1629 3993; x_wconf 85' lang='lat' dir='ltr'><strong>cose</strong></span> 
     </span>
     <span class='ocr_line' id='line_1_30' title="bbox 412 4032 1628 4135; baseline -0.001 -26"><span class='ocrx_word' id='word_1_245' title='bbox 412 4044 441 4109; x_wconf 91' lang='lat' dir='ltr'><strong>si</strong></span> <span class='ocrx_word' id='word_1_246' title='bbox 468 4053 689 4129; x_wconf 87' lang='lat' dir='ltr'><strong>trattengano</strong></span> <span class='ocrx_word' id='word_1_247' title='bbox 711 4055 841 4127; x_wconf 87' lang='lat' dir='ltr'><strong>quanto</strong></span> <span class='ocrx_word' id='word_1_248' title='bbox 868 4044 998 4129; x_wconf 89' lang='lat' dir='ltr'><strong>meglio</strong></span> <span class='ocrx_word' id='word_1_249' title='bbox 1021 4042 1049 4110; x_wconf 91' lang='lat' dir='ltr'><strong>si</strong></span> <span class='ocrx_word' id='word_1_250' title='bbox 1073 4044 1185 4130; x_wconf 73' lang='lat' dir='ltr'><strong>potia,</strong></span> <span class='ocrx_word' id='word_1_251' title='bbox 1214 4056 1249 4135; x_wconf 85' lang='lat' dir='ltr'><strong>et</strong></span> <span class='ocrx_word' id='word_1_252' title='bbox 1271 4044 1397 4131; x_wconf 75' lang='lat' dir='ltr'><strong>sisara</strong></span> <span class='ocrx_word' id='word_1_253' title='bbox 1421 4032 1523 4109; x_wconf 87' lang='lat' dir='ltr'><strong>etiam</strong></span> <span class='ocrx_word' id='word_1_254' title='bbox 1548 4042 1628 4109; x_wconf 81' lang='lat' dir='ltr'><strong>forsa</strong></span> 
     </span>
     <span class='ocr_line' id='line_1_31' title="bbox 412 4134 1628 4245; baseline 0 -23"><span class='ocrx_word' id='word_1_255' title='bbox 412 4140 559 4242; x_wconf 78' lang='lat' dir='ltr'><strong>qualche</strong></span> <span class='ocrx_word' id='word_1_256' title='bbox 575 4135 732 4233; x_wconf 49' lang='lat' dir='ltr'><strong>socorso&#39;,</strong></span> <span class='ocrx_word' id='word_1_257' title='bbox 755 4167 790 4223; x_wconf 92' lang='lat' dir='ltr'><strong>et</strong></span> <span class='ocrx_word' id='word_1_258' title='bbox 806 4157 873 4225; x_wconf 91' lang='lat' dir='ltr'><strong>Dio</strong></span> <span class='ocrx_word' id='word_1_259' title='bbox 890 4160 934 4224; x_wconf 93' lang='lat' dir='ltr'><strong>N.</strong></span> <span class='ocrx_word' id='word_1_260' title='bbox 953 4158 1004 4237; x_wconf 83' lang='lat' dir='ltr'><strong>S.‚</strong></span> <span class='ocrx_word' id='word_1_261' title='bbox 1017 4134 1079 4224; x_wconf 83' lang='lat' dir='ltr'><strong>¹cui</strong></span> <span class='ocrx_word' id='word_1_262' title='bbox 1098 4180 1224 4225; x_wconf 89' lang='lat' dir='ltr'><strong>usanza</strong></span> <span class='ocrx_word' id='word_1_263' title='bbox 1241 4160 1260 4224; x_wconf 82' lang='grc' dir='ltr'>ὲ</span> <span class='ocrx_word' id='word_1_264' title='bbox 1278 4152 1408 4245; x_wconf 88' lang='lat' dir='ltr'><strong>supplir</strong></span> <span class='ocrx_word' id='word_1_265' title='bbox 1425 4178 1559 4243; x_wconf 89' lang='lat' dir='ltr'><strong>sempre</strong></span> <span class='ocrx_word' id='word_1_266' title='bbox 1576 4176 1628 4223; x_wconf 92' lang='lat' dir='ltr'><strong>no·</strong></span> 
     </span>
     <span class='ocr_line' id='line_1_32' title="bbox 412 4273 1626 4369; baseline -0.001 -29"><span class='ocrx_word' id='word_1_267' title='bbox 412 4273 474 4340; x_wconf 86' lang='lat' dir='ltr'><strong>stri</strong></span> <span class='ocrx_word' id='word_1_268' title='bbox 490 4273 721 4341; x_wconf 90' lang='lat' dir='ltr'><strong>mancamenti</strong></span> <span class='ocrx_word' id='word_1_269' title='bbox 738 4286 773 4342; x_wconf 92' lang='lat' dir='ltr'><strong>et</strong></span> <span class='ocrx_word' id='word_1_270' title='bbox 787 4274 910 4341; x_wconf 90' lang='lat' dir='ltr'><strong>debole</strong></span> <span class='ocrx_word' id='word_1_271' title='bbox 925 4274 1030 4355; x_wconf 86' lang='lat' dir='ltr'><strong>forze,</strong></span> <span class='ocrx_word' id='word_1_272' title='bbox 1046 4276 1079 4340; x_wconf 95' lang='lat' dir='ltr'><strong>lo</strong></span> <span class='ocrx_word' id='word_1_273' title='bbox 1095 4276 1167 4343; x_wconf 79' lang='lat' dir='ltr'><strong>lara</strong></span> <span class='ocrx_word' id='word_1_274' title='bbox 1183 4274 1284 4356; x_wconf 88' lang='lat' dir='ltr'><strong>etiam</strong></span> <span class='ocrx_word' id='word_1_275' title='bbox 1298 4275 1432 4344; x_wconf 86' lang='lat' dir='ltr'><strong>adesso.</strong></span> <span class='ocrx_word' id='word_1_276' title='bbox 1445 4276 1490 4369; x_wconf 16' lang='lat' dir='ltr'><strong>*Et</strong></span> <span class='ocrx_word' id='word_1_277' title='bbox 1503 4284 1626 4359; x_wconf 78' lang='lat' dir='ltr'><strong>questa.</strong></span> 
     </span>
    </p>
   </div>
   <div class='ocr_carea' id='block_1_7' title="bbox 398 4508 901 4596">
    <p class='ocr_par' dir='ltr' id='par_1_12' title="bbox 398 4508 901 4596">
     <span class='ocr_line' id='line_1_33' title="bbox 398 4508 901 4596; baseline 0.014 -35"><span class='ocrx_word' id='word_1_278' title='bbox 398 4584 402 4593; x_wconf 37' lang='grc' dir='ltr'>Ι</span> <span class='ocrx_word' id='word_1_279' title='bbox 467 4510 478 4540; x_wconf 73' lang='lat'>⁸</span> <span class='ocrx_word' id='word_1_280' title='bbox 516 4508 660 4593; x_wconf 72' lang='lat' dir='ltr'><strong>Aegidius</strong></span> <span class='ocrx_word' id='word_1_281' title='bbox 674 4511 874 4596; x_wconf 80' lang='lat' dir='ltr'><strong>Foscararius.</strong></span> <span class='ocrx_word' id='word_1_282' title='bbox 899 4572 901 4577; x_wconf 60' lang='grc'>,</span> 
     </span>
    </p>
   </div>
   <div class='ocr_carea' id='block_1_8' title="bbox 469 4652 1127 4816">
    <p class='ocr_par' dir='ltr' id='par_1_13' title="bbox 469 4652 1127 4816">
     <span class='ocr_line' id='line_1_34' title="bbox 469 4652 1127 4728; baseline 0.009 -20"><span class='ocrx_word' id='word_1_283' title='bbox 469 4653 476 4687; x_wconf 82' lang='lat'><strong>¹</strong></span> <span class='ocrx_word' id='word_1_284' title='bbox 515 4652 1020 4728; x_wconf 78' lang='lat' dir='ltr'><strong>Excodicechcst.11,lol.85.·</strong></span> <span class='ocrx_word' id='word_1_285' title='bbox 1123 4678 1127 4685; x_wconf 92' lang='lat'>·</span> 
     </span>
     <span class='ocr_line' id='line_1_35' title="bbox 469 4742 818 4816; baseline 0.017 -22"><span class='ocrx_word' id='word_1_286' title='bbox 469 4742 480 4775; x_wconf 77' lang='lat'>²</span> <span class='ocrx_word' id='word_1_287' title='bbox 519 4742 694 4797; x_wconf 82' lang='lat' dir='ltr'><strong>Franciscus</strong></span> <span class='ocrx_word' id='word_1_288' title='bbox 707 4742 818 4816; x_wconf 86' lang='lat' dir='ltr'><strong>Scipio.</strong></span> 
     </span>
    </p>
   </div>
   <div class='ocr_carea' id='block_1_9' title="bbox 0 0 1830 5409">
    <p class='ocr_par' dir='ltr' id='par_1_14' title="bbox 0 0 1830 5409">
     <span class='ocr_line' id='line_1_36' title="bbox 0 0 1830 5409; baseline 0 0"><span class='ocrx_word' id='word_1_289' title='bbox 0 0 1830 5409; x_wconf 95' lang='lat' dir='ltr'><strong> </strong></span> 
     </span>
    </p>
   </div>
  </div>
 </body>
</html>
