3567 5409
370 456 420 525 164
686 432 687 437 ἵ
745 456 953 513 Mouuuuura
975 455 1153 513 [curritur

330 609 462 677 schiaui
479 610 656 678 christiani
672 612 697 677 ⁴.
718 612 761 677 Et
777 612 863 677 altro
885 622 982 677 tanto
994 613 1038 678 ha
1056 612 1217 678 mandato
1229 632 1250 677 a
1261 610 1335 678 dire
1351 611 1375 677 il
1392 614 1505 680 xeche
1522 612 1558 679 di

332 726 489 807 Texiora,
507 747 588 794 cosa
600 728 665 795 che
676 726 708 793 ci
725 726 768 793 di
781 726 1010 813 grandissima
1025 727 1195 813 allegreza
1211 730 1269 795 nel
1284 728 1413 814 Siguor
1425 740 1558 809 nostro,

329 853 366 912 et
381 864 545 929 speranza
560 843 649 911 della
664 841 892 912 conuersione
908 843 951 910 de
968 843 1142 910 Barbaria.
1162 844 1206 909 Et
1221 842 1359 911 Giouan
1375 842 1411 910 di
1431 842 1558 931 Viega,

330 960 396 1028 che
413 960 459 1025 ha
474 959 570 1025 datto
587 972 709 1044 questa
721 981 838 1026 nuoua
850 980 870 1025 a
882 962 985 1028 Mtro.
1001 958 1203 1026 Hieronimo
1216 962 1228 995 ⁸
1241 960 1352 1045 (quale
1369 960 1414 1027 V.
1437 960 1480 1027 R.
1495 982 1560 1047 pur

328 1076 361 1141 lo
377 1087 482 1161 tenga
494 1075 654 1163 se[c]reto
668 1098 727 1161 per
741 1075 846 1142 buoni
859 1075 1002 1161 rispetti)
1020 1074 1042 1141 li
1056 1086 1069 1115 ⁰
1081 1077 1127 1141 ha
1139 1076 1234 1143 detto
1246 1077 1313 1142 che
1324 1085 1433 1144 metta
1443 1074 1459 1115 ⁶
1471 1097 1558 1163 gen-

329 1202 363 1257 te
378 1191 413 1257 in
431 1191 550 1260 ordine
566 1214 627 1277 per
643 1201 765 1276 questa
780 1190 928 1283 inpresa.
948 1191 986 1261 Sl
999 1193 1064 1259 che
1077 1193 1120 1258 V.
1136 1193 1176 1258 R.
1189 1192 1259 1277 pud
1270 1193 1397 1260 uedere
1408 1192 1476 1259 che
1491 1212 1560 1259 non

329 1306 357 1374 si
374 1308 443 1394 puo
459 1328 630 1386 mancare,
653 1309 777 1374 seben
801 1306 922 1375 restasi
943 1328 1047 1374 senre
1068 1328 1202 1392 sangue
1220 1308 1254 1375 la
1275 1306 1502 1394 Compagnia,
1525 1319 1561 1374 et

329 1433 580 1508 consequenter
596 1424 627 1489 c'
644 1424 663 1491 ὲ
681 1434 776 1489 tanto
788 1443 912 1489 manco
924 1422 1042 1510 uoglia
1057 1422 1093 1488 di
1105 1434 1257 1492 accettar
1268 1422 1418 1509 collegii,
1434 1443 1472 1489 se
1491 1444 1561 1489 nou

330 1539 410 1607 fossi
427 1558 493 1605 con
510 1540 618 1606 molto
634 1538 845 1625 auantagiati
862 1537 980 1625 partiti
996 1541 1021 1603 ⁰.
1217 1620 1222 1627 .

396 1658 496 1741 Dopo
513 1667 634 1739 questo
651 1654 771 1722 scritto
793 1654 976 1723 habbiamo
997 1654 1155 1721 riceuuto
1175 1655 1289 1740 quelle
1309 1654 1343 1720 di
1369 1634 1422 1722 V.
1440 1656 1497 1735 R.,
1524 1666 1559 1720 et

332 1792 400 1837 non
418 1792 498 1855 pare
514 1771 679 1837 accederit
695 1772 781 1838 altra
798 1770 955 1857 risposta,
974 1791 1011 1837 se
1027 1791 1097 1836 non
1113 1772 1180 1837 che
1200 1770 1258 1857 qui
1279 1770 1309 1837 si
1330 1771 1455 1837 manda
1475 1772 1554 1857 quel

330 1885 528 1968 Direttori03
552 1898 587 1954 et
609 1908 647 1955 se
667 1887 813 1971 qualche
837 1886 963 1954 librato
982 1887 1016 1951 lo
1037 1886 1186 1967 uolesse,
1204 1885 1344 1953 doueria
1360 1885 1513 1956 scriuere
1538 1908 1558 1952 a

330 2004 432 2069 Mtro.
452 2004 644 2071 Francesco
660 2003 703 2069 de
721 2002 926 2069 Villanuoua
946 2024 967 2067 o
989 2004 1090 2069 Mtro.
1117 2001 1304 2082 Vincenzo,
1327 1998 1466 2082 librato,
1493 2004 1559 2069 che

329 2119 352 2183 l'
370 2120 486 2186 hanno
501 2129 671 2206 stampato
688 2141 707 2185 a
724 2139 786 2187 sue
797 2139 910 2204 spese.

394 2234 493 2303 Della
510 2234 631 2301 lettera
647 2233 702 2301 del
721 2234 763 2303 Ρ.
778 2235 888 2301 'Mtro.
912 2234 1105 2302 Franceseo
1128 2236 1138 2268 ²
1160 2255 1232 2301 non
1252 2237 1273 2301 ὲ
1293 2245 1420 2305 testata
1441 2233 1553 2320 copia,

329 2370 385 2417 ma
400 2348 430 2417 si
447 2351 514 2419 ben
530 2350 552 2414 l’
570 2358 725 2417 estratto.
744 2350 788 2415 V.
808 2351 849 2416 R.
868 2350 901 2415 la
918 2352 1016 2435 potrit
1031 2348 1158 2417 ritener
1174 2359 1303 2434 quanto
1326 2352 1439 2417 uorrii.

396 2456 528 2525 Stiamo
545 2458 633 2525 bene
648 2466 683 2526 et
698 2455 729 2523 ci
747 2455 1043 2523 raceomandiamo
1061 2456 1141 2523 tutti
1156 2458 1210 2523 ell'
1229 2457 1375 2524 orationi
1391 2456 1427 2523 di
1449 2458 1493 2523 V.
1513 2457 1555 2524 R.

395 2570 440 2639 Di
458 2574 568 2639 Roma
589 2590 627 2656 13
644 2573 687 2639 de
703 2571 862 2639 Gennaio
878 2588 975 2656 1554.

396 2690 594 2773 Inscriptio.
614 2680 647 2756 Α
664 2689 822 2757 Genoua.
843 2689 888 2756 Al
904 2685 946 2755 P.
965 2691 1068 2756 Mtro.
1089 2688 1240 2773 Laynez.

389 2972 392 2977 ·
436 2956 577 3023 PATRI
601 2831 1198 3024 HIERONYMOiidltENECCO
1216 2957 1278 3023 EX
1299 2956 1452 3023 COMM.

738 3084 826 3125 nour
842 3068 874 3126 13
886 3083 1033 3137 Juuurrur
1048 3082 1117 3140 1554
1127 3072 1148 3129 ¹.

329 3189 481 3245 Antonius
493 3189 528 3242 de
545 3186 657 3243 Urbino
670 3188 862 3243 Panormum
875 3189 1012 3243 mittitur
1025 3194 1066 3256 ut,
1082 3190 1109 3243 si
1117 3190 1332 3261 exspectationi
1341 3191 1421 3244 deso
1430 3189 1465 3243 in
1480 3188 1558 3245 Urbe

461 3281 617 3348 conceptae
630 3278 822 3349 satisfecerit,
837 3280 936 3334 ἀεηαο
949 3280 983 3333 in
997 3278 1174 3334 Societatem
1184 3278 1310 3333 admitti
1320 3280 1424 3350 possit.

402 3476 475 3542 Pax
490 3474 548 3543 Χ.ἱ

396 3591 422 3658 ΙΙ
450 3601 623 3677 portatore
648 3591 735 3658 delle
764 3602 922 3677 presente
946 3591 965 3659 ὲ
993 3594 1097 3658 Mtro.
1124 3590 1279 3660 Antonio
1302 3592 1346 3659 de
1367 3590 1511 3672 Vrbino,
1535 3589 1561 3655 il

334 3708 435 3793 quale
450 3709 494 3773 ha
510 3708 596 3773 tatto
612 3707 744 3793 grande
759 3706 915 3773 instanza
930 3728 997 3802 per·
1012 3728 1126 3774 essere
1147 3718 1318 3775 accettato
1342 3708 1432 3774 nelle
1453 3708 1557 3774 Com-

381 3874 394 3904 c
431 3866 462 3914 et
472 3859 492 3915 li
503 3876 570 3927 ms„
582 3860 634 3915 sed
647 3866 678 3914 et
691 3860 866 3915 redundare
879 3860 1014 3914 videtur.
1055 3862 1106 3903 -d
1125 3860 1201 3916 netti
1213 3878 1271 3946 ms.

379 4009 391 4041 ⁴
428 4004 557 4063 Uberius
570 4020 632 4059 rem
646 4010 806 4074 pertractat
820 4002 1003 4073 ΡοιΑΝουε,
1016 4004 1140 4070 Cicron„
1156 4005 1209 4072 lV,
1224 4016 1276 4073 217
1289 4014 1320 4060 et
1334 4002 1396 4058 218.

379 4096 389 4129 ¹
427 4092 628 4162 Hieronymus
643 4090 859 4149 Domeneccus.

380 4186 390 4219 ⁸
429 4182 549 4239 «Erat...
564 4188 664 4235 tentus
677 4178 768 4234 enimi
781 4178 866 4249 vigor
879 4196 916 4234 eo
927 4179 957 4234 in
971 4179 1058 4235 Patre
1068 4178 1195 4252 [Leinio]
1207 4180 1237 4235 in
1248 4196 1354 4251 magna
1363 4176 1495 4250 corporis
1505 4177 1559 4232 im·

327 4269 498 4343 becillitate‚
514 4278 555 4341 ut,
569 4287 637 4325 cum
650 4268 782 4325 audisset
795 4268 844 4339 egi
856 4268 893 4323 de
907 4268 1041 4340 collegiis
1055 4270 1132 4325 inter
1145 4269 1280 4325 infideles
1291 4268 1495 4338 instituendis,
1505 4284 1559 4323 sua

321 4359 481 4429 desideria,
495 4361 600 4414 crebro
612 4358 805 4429 recurrentia,
821 4359 853 4413 P.
868 4359 985 4429 lg'natio
997 4376 1050 4430 per
1067 4360 1182 4415 litteras
1194 4358 1377 4432 exposuerit,
1392 4359 1484 4414 vitem
1497 4358 1557 4415 illis

324 4451 353 4506 in
367 4449 439 4506 locis
450 4448 507 4503 Dei
520 4449 663 4520 obsequio
672 4449 893 4505 consecrandi.»
909 4448 1093 4518 PouArtCUS,
1109 4448 1233 4515 Cicron„
1248 4449 1300 4519 IV,
1313 4446 1359 4506 31.

379 4543 387 4575 ⁷
426 4538 770 4599 FranciscusXaverius.

379 4654 386 4687 ¹
425 4656 469 4711 Ex
483 4652 584 4710 codice
600 4654 718 4727 Regest.
736 4654 752 4707 Ῑ
753 4656 772 4710 Ι
793 4653 841 4714 iol.
854 4655 914 4712 28r.
