3567 5409
533 489 640 547 Error.
660 488 957 559 4³83.-21Amn.1s
978 502 1046 561 ¹554
1316 491 1371 559 ⁶²7

175 642 210 709 in
222 652 355 711 cotesto
366 642 527 729 collegio,
543 654 578 711 et
594 644 633 711 S.
650 643 740 713 Stia.
759 645 857 711 lima.
875 644 905 709 si
921 643 1155 713 &contentato
1170 644 1236 733 ohe
1252 645 1285 709 la
1301 644 1405 711 Com·

176 758 304 846 pognia
321 780 421 844 possa
436 759 619 845 disponere
634 760 669 825 d’
691 760 759 827 essi
782 782 841 847 per
865 758 942 826 altri
963 758 1094 847 luoghi,
1118 761 1209 828 doue
1228 758 1405 846 giudicard

176 897 214 943 se
229 874 358 943 hauerd
376 873 435 961 piri
450 877 494 942 de
509 874 640 943 seruire
655 874 678 941 il
695 876 855 963 Signore.
875 878 918 942 Et
935 874 1051 963 percio
1067 876 1099 942 la
1113 878 1155 946 R.
1172 875 1230 955 V.‚
1248 876 1333 941 11116
1349 897 1370 941 o
1387 876 1406 941 8

177 989 293 1078 giomi
305 990 397 1075 dopo
408 991 442 1057 la
455 970 609 1057 riceouta
621 991 656 1057 di
669 1003 803 1076 questa,
817 992 846 1058 si
864 990 1007 1059 mettere
1019 992 1055 1057 in
1068 990 1204 1057 camino
1218 1012 1277 1077 per
1290 992 1407 1059 Vene-

178 1108 237 1186 tia,
252 1119 288 1175 et
301 1109 325 1172 il
341 1110 379 1174 P.
395 1107 620 1194 Augustino*
634 1130 694 1194 per
706 1108 876 1196 Bologna,
889 1120 925 1177 et
937 1108 960 1174 li
974 1108 1095 1178 fratelli
1107 1108 1281 1177 Giovanni
1295 1110 1408 1175 Anto-

176 1223 236 1290 nio
247 1223 435 1310 Viperan0,
446 1223 651 1291 Sebastiano
662 1225 675 1256 ⁴
688 1238 723 1290 et
736 1227 838 1291 Mtro.
851 1225 1000 1293 Michael
1014 1225 1147 1311 Vignes
1159 1246 1217 1311 per
1230 1224 1407 1305 Fiorenza3

177 1350 213 1406 et
228 1340 278 1426 gli
295 1338 371 1405 altri
387 1337 457 1418 doi,
471 1338 545 1405 cine
563 1340 740 1423 Raynaldo
751 1351 786 1406 et
798 1340 938 1408 Simone
951 1342 976 1421 ⁵,
992 1362 1052 1427 per
1065 1342 1183 1407 Roma.
1199 1341 1243 1406 Et
1256 1361 1315 1426 per
1327 1337 1410 1425 ogni

179 1478 251 1522 uno
269 1454 459 1541 prouederi
471 1455 586 1539 quello
600 1459 677 1523 sere
693 1456 888 1525 necessario
907 1459 1008 1523 Mtro.
1032 1455 1243 1525 Alessandro
1262 1458 1289 1534 ⁶,
1312 1475 1410 1521 come

178 1573 227 1659 gli
246 1572 373 1640 haueri
388 1571 508 1639 scritto
523 1572 546 1637 il
561 1573 658 1640 detto
673 1572 873 1659 monsignor
890 1575 989 1640 Rmo.
1014 1574 1058 1639 Et
1078 1593 1202 1639 ancora
1223 1570 1333 1638 laceio
1355 1570 1409 1635 in·

179 1689 320 1757 tendere
336 1689 402 1755 alla
419 1690 459 1755 R.
480 1690 523 1755 V.
539 1709 636 1755 come
648 1688 667 1755 ὲ
680 1689 711 1754 la
724 1688 863 1754 uolontd
876 1688 911 1754 di
924 1691 963 1757 S.
978 1688 1065 1757 Sria.
1083 1691 1179 1755 Rma.
1194 1691 1260 1753 che
1273 1696 1411 1773 polren-

179 1826 225 1871 no
241 1825 368 1871 ancora
384 1804 530 1890 togliere
545 1825 606 1889 per
622 1804 694 1869 loro
711 1806 790 1870 tutti
811 1804 916 1889 quelli
937 1802 1026 1885 libri,
1054 1826 1076 1869 o
1096 1805 1209 1889 quella
1229 1815 1325 1887 parte
1346 1804 1411 1871 che

179 1942 340 1998 notram,
370 1920 437 1988 che
457 1922 571 1986 hanno
597 1920 654 1987 nel
678 1919 837 2007 eollegi0,
864 1908 1038 1988 lasciando
1064 1922 1146 2007 perd
1167 1919 1271 2005 quelli
1293 1920 1360 1987 che
1381 1916 1410 1983 si

179 2058 265 2104 sono
288 2036 363 2102 tolti
383 2036 473 2103 dalla
492 2035 695 2102 bibliotecca
715 2037 749 2101 d’
770 2057 848 2103 esso
869 2036 1070 2123 monsignor
1092 2038 1205 2115 Rmo,
1228 2034 1354 2121 perche
1376 2034 1411 2101 di

179 2150 283 2236 quelli
301 2173 369 2217 non
385 2152 492 2237 parld.
516 2152 560 2217 Et
580 2152 613 2218 le
629 2153 702 2218 RR.
722 2152 800 2219 VV.
817 2150 1012 2219 auertirano
1027 2153 1070 2218 de
1087 2150 1231 2237 partirse
1248 2150 1329 2217 tutti
1345 2171 1410 2217 con

178 2270 295 2335 buona
310 2267 423 2354 gratia
438 2268 493 2335 del
512 2270 607 2334 Rmo.
624 2266 808 2345 cardinale,
825 2290 863 2336 se
880 2289 966 2353 pure
982 2268 1037 2336 nel
1056 2281 1171 2353 tempo
1182 2267 1273 2334 della
1285 2265 1412 2352 partita
1444 2276 1447 2283 ’

180 2395 299 2451 nostra
314 2384 344 2449 si
361 2387 497 2450 trouerzi
512 2383 600 2451 costi
617 2385 653 2452 S.
670 2383 758 2452 Sria.
775 2386 871 2450 Rma.

247 2502 290 2566 Et
307 2520 367 2585 per
382 2510 504 2585 questa
520 2520 588 2565 non
605 2502 704 2579 altro,
722 2521 760 2565 se
781 2522 850 2565 non
872 2521 996 2587 pregar
1020 2500 1042 2566 il
1063 2498 1211 2585 Signore
1234 2521 1254 2565 a
1279 2498 1360 2565 tutti
1382 2498 1412 2565 si

178 2615 285 2702 degni
300 2614 393 2682 darei
410 2615 521 2700 gratia
537 2615 570 2680 di
589 2616 720 2701 poterlo
735 2614 962 2683 interamente
977 2614 1107 2683 seruire
1123 2636 1287 2699 ouunque
1308 2638 1329 2681 a
1349 2637 1412 2681 sua

181 2736 313 2800 maeste
325 2731 483 2823 piaeerd„

249 2848 293 2915 Di
312 2850 421 2915 Roma
438 2866 478 2914 21
497 2846 532 2913 di
549 2848 669 2933 Aprile
691 2863 787 2931 1554.

249 2965 391 3049 Quanto
410 2986 431 3029 a
450 2964 530 3048 quel
551 2965 701 3049 glouene
721 2967 787 3031 che
809 2965 910 3029 uuole
933 2964 1039 3030 intrar
1063 2963 1154 3030 nella
1180 2961 1410 3049 Compagnia,

182 3080 353 3147 chiamato
371 3079 544 3148 Vittorino
561 3084 585 3159 ¹,
601 3082 645 3148 V.
665 3083 705 3146 R.
725 3080 774 3166 gli
791 3084 888 3165 potr&
903 3079 976 3146 dire
988 3081 1054 3145 che
1067 3080 1174 3165 uengi
1191 3101 1210 3143 a
1228 3080 1335 3147 Roma
1347 3098 1412 3143 con

182 3195 231 3281 gli
249 3196 370 3263 fratelli
388 3198 565 3280 Raynaldo
584 3208 619 3264 et
635 3197 787 3274 Simone,
805 3196 915 3280 etqui
936 3195 965 3263 si
987 3195 1139 3261 riceueri
1155 3195 1245 3261 nella
1261 3196 1412 3279 Compa-

183 3312 280 3398 gnie.

250 3430 445 3513 Inscriptio.
463 3429 495 3493 A
512 3431 614 3495 Mtro.
634 3428 788 3494 Alberto.

235 3649 246 3681 ⁸
284 3650 471 3721 Augustinus
485 3651 522 3705 de
537 3652 565 3705 la
578 3651 663 3707 Riva.

140 3796 145 3804 ,
235 3742 248 3773 ⁴
285 3739 478 3795 Sebastianus
493 3740 654 3809 Magensie.
673 3738 747 3793 Vide
761 3756 858 3809 supra,
872 3738 924 3808 lV,
940 3750 1003 3807 525.

238 3828 249 3862 ⁸
286 3827 389 3883 Simon
403 3830 554 3890 Bartolus.

237 3920 249 3951 ⁸
286 3918 456 3973 Alexander
469 3916 628 3974 Cervinus.

235 4012 245 4041 ¹
285 4008 453 4078 Judicatum
466 4017 513 4063 est
526 4010 607 4062 illum
623 4026 682 4062 non
695 4024 762 4062 esse
776 4006 1002 4062 admittendum.
1026 4006 1121 4078 Epist.
1145 4006 1269 4069 Mixlae,
1284 4006 1338 4077 lv,
1354 4016 1415 4075 157·
