3567 5409
357 473 411 544 430
717 476 941 530 'Monuusnrn
963 474 1142 533 IGNATlAttA
1173 508 1175 513 -

322 626 367 692 cil
382 624 626 712 praestitimus
644 639 683 693 ut
700 627 823 712 partim
838 649 881 695 ex
898 627 982 696 meis
998 628 1042 693 ad
1057 628 1102 695 D.
1122 628 1165 695 V.
1192 630 1338 709 limam,
1361 627 1483 715 partim
1508 648 1561 695 ex

323 742 389 823 his,
407 762 496 827 quae
511 742 643 810 doctori
659 743 799 810 Canisio
815 743 941 829 scripta
959 756 1040 809 sunt
1056 746 1081 825 ⁴,
1101 742 1282 829 intelliget.

389 861 469 925 Duo
485 870 627 945 nepotes
642 861 686 927 D.
706 860 750 926 V.
774 860 891 927 Rmae.
912 861 923 893 ⁵
946 858 980 925 in
1000 859 1148 945 collegio
1172 858 1382 945 germanico,
1408 869 1446 925 ut
1468 878 1562 926 uere

322 974 382 1041 filii
399 974 507 1042 nostri
523 973 558 1041 in
575 974 736 1054 Domine,
755 974 914 1066 exlclepti
930 987 1010 1041 sunt
1027 986 1062 1041 et
1077 974 1312 1043 instituentur.

390 1092 463 1157 Nos
478 1112 597 1158 omnes
614 1089 789 1158 humiliter
804 1091 1051 1158 comendamus
1067 1090 1280 1157 orationibus
1295 1090 1423 1158 sanctis
1438 1093 1483 1158 D.
1505 1092 1559 1161 V.

324 1209 458 1287 Rmae.,
475 1203 511 1272 et
527 1226 726 1293 praecamur
742 1204 807 1275 Dei
825 1206 1030 1288 bonitatem.
1049 1216 1087 1273 ut
1106 1206 1265 1273 omnibus
1286 1206 1431 1293 gratiam
1453 1227 1560 1273 suam

325 1322 465 1391 uberem
497 1319 679 1408 largiatur,
714 1334 751 1389 ut
781 1342 992 1408 cognoscere
1023 1336 1058 1389 et
1088 1322 1273 1409 adimplere
1304 1320 1563 1390 sanctissimam

323 1436 432 1523 ipsius
448 1439 661 1505 voluntatem
678 1436 857 1524 possimus.

391 1556 519 1622 Romae
536 1553 645 1639 pridie
660 1574 770 1619 nonas
786 1554 901 1621 Martii
923 1568 1019 1639 1554.

391 1670 590 1754 Inscriptio.
610 1669 677 1737 Per
693 1668 717 1734 il
732 1688 884 1736 vescouo
900 1668 1093 1737 labaeense.

654 1972 865 2039 HENRICO
883 1850 1038 2041 ‘hiiah
1063 1974 1226 2045 CUEVA

745 2098 834 2141 noun
855 2086 873 2141 8
895 2100 1005 2143 uteru
1025 2100 1094 2158 1554
1115 2090 1134 2143 ¹.

532 2230 670 2301 Epistola
684 2228 817 2302 officiosa
829 2230 871 2285 ad
883 2231 1014 2287 Henrici
1026 2232 1146 2288 litteras
1158 2234 1352 2303 respondens.

935 2374 953 2427 †

896 2431 997 2517 Jhus.

394 2590 442 2659 Mi
458 2598 561 2657 senor
578 2611 621 2658 en
638 2590 670 2658 el
685 2590 798 2658 Settor
814 2600 969 2659 nuestro.

395 2706 444 2772 La
460 2725 592 2771 summa
608 2703 726 2791 gracia
740 2726 763 2789 y
779 2726 874 2770 amor
889 2716 1009 2773 eterno
1025 2706 1067 2773 de
1080 2702 1145 2773 X.⁰
1162 2707 1206 2773 N.
1226 2708 1263 2775 S.
1283 2728 1341 2773 sea
1353 2706 1502 2792 siempre
1513 2728 1558 2775 en

328 2823 441 2908 ayuda
456 2844 478 2907 y
496 2821 593 2887 fauor
614 2831 773 2889 nuestr0.

393 2939 425 3003 E
445 2935 616 3003 resciuido
638 2958 685 3003 un
706 2935 888 3023 duplicado
910 2938 954 3005 de
979 2938 1018 3004 16
1037 2938 1081 3006 de
1097 2936 1215 3025 Junio,
1238 2939 1281 3007 de
1306 2938 1349 3006 V.
1375 2939 1459 3018 md.,
1477 2958 1557 3022 que,

328 3074 466 3138 aurique
481 3054 574 3139 llego
589 3054 669 3139 algo
684 3062 699 3092 ⁸
711 3052 818 3131 tarde,
833 3058 853 3118 a
870 3052 970 3118 todos
986 3072 1049 3119 nos
1065 3051 1121 3119 dio
1137 3052 1278 3120 ccasion
1291 3052 1335 3121 de
1347 3054 1409 3119 dar
1422 3052 1557 3140 gracias

329 3174 349 3236 a
367 3168 449 3236 Dios
465 3170 511 3238 N.
528 3170 581 3250 S.,
599 3168 681 3253 yde
697 3169 825 3234 mucho
841 3169 1023 3254 alegranos
1039 3190 1083 3235 en
1104 3190 1146 3235 su
1166 3168 1284 3237 diuina
1305 3168 1472 3254 majestad
1495 3188 1559 3235 con

328 3285 361 3351 la
376 3282 638 3352 determination
654 3294 774 3350 sancta
788 3303 857 3368 que
870 3284 913 3351 V.
933 3284 1002 3350 md.
1022 3304 1088 3351 con
1104 3304 1146 3351 su
1164 3284 1264 3351 fauor
1280 3287 1325 3353 ha
1341 3286 1465 3365 hecho,
1484 3306 1560 3371 pas·

329 3400 437 3467 sando
453 3420 516 3485 por
530 3420 573 3484 ay
590 3410 731 3467 nuestro
747 3400 914 3466 hermano
930 3402 962 3466 el
979 3402 1082 3469 Mtr0.
1101 3400 1211 3467 Nadal
1228 3401 1254 3467 ¹.

397 3516 517 3582 Hanos
534 3513 684 3581 tambien
700 3515 926 3583 acrezentado
942 3516 973 3581 el
990 3536 1079 3602 gozo
1094 3514 1250 3601 spiritual
1269 3535 1328 3582 uer
1340 3515 1371 3584 el
1385 3537 1453 3601 que
1466 3514 1559 3585 tiene

157 3618 161 3625 ¹
260 3643 264 3652 '
328 3631 360 3700 el
376 3630 536 3699 cardenal
552 3632 564 3663 ⁸
581 3631 839 3710 destomesmo,
858 3651 938 3717 que,
952 3652 1090 3715 aunque
1102 3652 1147 3697 no
1160 3632 1191 3699 le
1204 3631 1413 3699 tubieramos
1428 3642 1486 3699 tan
1499 3652 1561 3717 por

328 3756 431 3813 senor
447 3768 470 3831 y
486 3746 592 3831 padre
609 3746 708 3813 todos
723 3766 767 3814 en
783 3747 815 3814 el
830 3746 942 3815 Senor
958 3759 1109 3827 nuestro,
1129 3768 1229 3813 como
1245 3747 1276 3814 le
1293 3752 1461 3815 teniamos
1483 3766 1560 3813 mu-

328 3864 394 3929 cho
410 3862 537 3947 tiempo
553 3864 609 3942 ha,
628 3883 690 3931 uer
706 3882 746 3929 su
767 3862 882 3929 animo
905 3872 962 3929 tan
986 3863 1198 3932 enderezado
1220 3868 1240 3929 tt
1263 3864 1385 3931 desear
1408 3862 1561 3931 sincera-

385 4054 399 4081 ·
435 4040 524 4109 helgo
537 4056 594 4098 ms.

384 4200 397 4238 ⁴
434 4202 567 4273 Epistola
579 4213 663 4272 4207,
675 4199 724 4255 die
738 4212 772 4269 27
785 4198 939 4255 Februarii
952 4198 1031 4255 date.

385 4292 396 4320 ⁸
434 4291 550 4346 Marcus
563 4292 675 4345 Textor
687 4298 718 4345 et
731 4289 880 4361 Georgius
893 4290 1034 4361 Bogatez.

385 4436 391 4466 ⁴
431 4435 474 4488 Ex
484 4432 587 4489 codice
599 4434 717 4504 Regest.
732 4434 774 4497 II,
788 4432 839 4491 iol.
857 4430 1105 4502 17ov.-Cartas,'
1115 4450 1145 4491 n.
1157 4432 1355 4489 CCCCXLll.

383 4526 394 4557 ²
431 4522 594 4579 videantur
612 4524 710 4594 Epist.
732 4524 857 4596 Mixtae,
877 4520 930 4593 ΙΙΙ,
949 4534 1001 4591 555
1019 4531 1050 4576 et
1068 4522 1131 4594 5563
1151 4522 1305 4594 Epistotoe
1325 4524 1363 4577 P.
1383 4524 1565 4598 Hieronymi

330 4612 445 4677 Nedat,
459 4612 484 4683 1,
499 4610 626 4685 ¹⁶3·¹⁶53
644 4612 823 4684 Ponticus,
842 4611 966 4676 chron„
977 4610 1028 4681 ΙΙΙ,
1042 4624 1096 4681 429
1108 4620 1139 4666 et
1152 4610 1216 4681 430.

385 4703 396 4733 ³
433 4701 674 4756 Bartholomaeus
687 4699 725 4755 de
738 4702 766 4756 la
776 4699 890 4771 Cuere,
905 4698 1028 4755 Henrici
1041 4707 1135 4771 peter.
