3567 5409
436 498 488 555 5¹2
808 487 1015 543 Mouuusurn
1037 488 1218 543 [susumus

466 637 597 705 Auanti
613 638 699 706 hieri
715 638 803 725 parti
825 638 861 705 di
882 641 991 708 Roma
1014 638 1202 724 Tarquinio
1221 640 1233 673 ²
1256 640 1288 706 la
1308 639 1402 706 uolta
1421 637 1458 705 di
1478 639 1619 707 Genoua

398 776 459 841 per
475 754 661 823 inbarcarsi
679 776 780 823 uerso
795 757 950 842 spagna,
969 756 1224 837 nonaebastando
1239 756 1272 825 le
1294 774 1466 841 promesse
1484 756 1540 821 del
1560 778 1620 823 suo

399 874 516 958 padre,
539 873 582 939 ne
603 873 635 967 le
655 872 783 939 sicurtd
803 872 884 941 delli
905 872 1096 941 fideiussori
1118 873 1214 939 accio
1236 874 1270 939 lo
1293 870 1445 939 lasciassi
1468 872 1504 938 in
1526 893 1618 959 paoe,

399 1007 497 1053 come
512 987 560 1053 lui
577 970 707 1056 riferird
724 987 782 1075 pid
799 988 1052 1057 diffusamente.
1071 988 1114 1055 V.
1134 991 1176 1057 R.
1195 992 1272 1055 sarai
1292 988 1327 1054 di
1348 998 1471 1075 questo
1491 988 1620 1055 auisato

399 1124 460 1190 per
475 1102 504 1169 si
521 1104 693 1172 accadessi
714 1106 862 1189 qualche
883 1103 1105 1192 nauigatione
1126 1104 1318 1183 commoda,
1341 1106 1407 1171 che
1428 1125 1529 1190 possa
1548 1125 1620 1190 par·

399 1218 495 1285 lame
509 1242 531 1285 a
544 1220 691 1303 qualche
707 1218 830 1296 emim,
848 1218 945 1286 accio
961 1219 1148 1305 Tarquinio
1169 1219 1259 1306 passi
1278 1240 1346 1286 con
1366 1221 1398 1285 la
1418 1218 1618 1287 commoditd

398 1332 563 1419 megliore
579 1336 646 1403 che
661 1334 691 1400 si
706 1335 805 1421 potrd
821 1356 925 1401 uerso
941 1336 1111 1404 Valentia.
1130 1332 1225 1405 Parti
1241 1336 1385 1403 insieme
1399 1336 1453 1402 col
1464 1336 1527 1401 Dr.
1542 1336 1620 1403 Olu-

398 1471 455 1529 ue,
473 1450 496 1516 il
513 1452 614 1535 quale
630 1472 691 1537 per
705 1452 828 1520 alcone
844 1473 926 1519 cose
941 1453 976 1518 d'
994 1452 1208 1538 importanza
1226 1451 1320 1519 nain
1338 1451 1544 1519 Lombardia
1564 1472 1619 1537 per

397 1577 515 1632 tornat
531 1579 647 1652 presto
661 1587 726 1633 con
743 1568 765 1632 1’
783 1565 880 1634 aiuto
895 1566 930 1634 di
947 1566 1030 1635 ldio.

464 1685 518 1749 De
533 1685 602 1749 don
618 1682 810 1751 Siluestro⁸
826 1696 862 1751 et
876 1684 902 1749 il
921 1706 986 1751 suo
1007 1704 1199 1771 compagno
1220 1704 1289 1750 non
1309 1682 1486 1769 sappiamo
1508 1683 1620 1751 niente

397 1819 458 1884 per
474 1798 530 1864 uia
546 1800 590 1867 de
606 1799 649 1865 V.
669 1800 726 1881 R„
745 1801 788 1867 nd
802 1820 883 1867 cosa
900 1811 993 1867 certa
1010 1822 1070 1887 per
1085 1800 1142 1866 uia
1157 1796 1191 1865 d'
1207 1799 1296 1880 altri3
1314 1800 1449 1866 benohd
1465 1820 1513 1864 nn
1526 1818 1619 1885 scap

398 1913 542 1998 puccino
558 1926 572 1954 ⁸
588 1915 633 1983 ha
649 1914 744 1983 detto
760 1917 795 1981 lo
809 1915 959 1985 lasciaua
974 1915 1010 1981 in
1031 1915 1175 1982 transito
1195 1916 1285 1983 nella
1306 1914 1435 1998 Bastia,
1458 1925 1494 1983 et
1515 1916 1621 1981 anche

396 2040 495 2094 staua
511 2030 637 2096 malato
653 2033 755 2098 Mtro.
774 2032 952 2099 Emanuel.
978 2033 1021 2099 V.
1045 2034 1087 2099 R.
1111 2030 1163 2098 sia
1181 2042 1343 2099 contento
1365 2031 1410 2099 de
1429 2028 1621 2129 scriuerlan

398 2145 478 2212 tutti
493 2145 565 2227 doi,
583 2167 604 2212 o
621 2146 852 2233 qualsiuoglia
867 2145 903 2213 di
918 2148 991 2213 loro
1007 2149 1071 2214 che
1083 2146 1165 2214 resti
1179 2146 1272 2228 uiuo,
1287 2146 1331 2213 da
1343 2155 1437 2232 parte
1448 2148 1493 2214 de
1505 2146 1551 2211 N.
1566 2146 1618 2224 P.,

396 2263 460 2327 che
478 2280 638 2347 uengano
654 2260 689 2328 in
705 2263 867 2330 Genoua.
890 2264 927 2329 Io
942 2262 977 2328 di
992 2284 1061 2349 qua
1077 2283 1137 2348 per
1152 2262 1288 2329 diuerso
1304 2260 1362 2328 uie
1377 2260 1487 2328 saccio
1509 2258 1534 2327 u
1554 2280 1618 2325 me·

398 2375 543 2457 desim0‚
561 2398 600 2445 se
615 2399 680 2463 pur
695 2386 819 2444 stanno
835 2378 871 2444 in
886 2377 1111 2466 dispositione
1126 2379 1171 2447 de
1187 2389 1285 2464 poter
1302 2375 1432 2445 uenire.

463 2491 491 2558 Il
507 2492 729 2561 comissario*
746 2515 806 2580 per
821 2493 941 2560 ordine
956 2492 1036 2562 delli
1051 2494 1173 2561 medici
1191 2516 1235 2561 ua
1251 2495 1283 2561 la
1297 2492 1390 2560 uolta
1402 2492 1446 2560 de
1459 2492 1617 2569 Sarzana,

398 2607 521 2693 perche
539 2608 586 2673 lui
602 2609 621 2675 ὲ
637 2608 672 2675 di
688 2609 791 2694 quelli
808 2609 915 2695 paesi.
933 2610 1110 2697 Speriamo
1127 2608 1283 2676 rihauerd
1300 2610 1332 2675 la
1354 2608 1477 2688 sanita,
1495 2606 1618 2693 perch&

396 2725 425 2791 si
445 2723 613 2791 comincia
636 2746 656 2790 a
681 2735 797 2792 trouar
821 2725 948 2813 meglio
970 2736 1005 2792 et
1029 2725 1077 2791 lui
1100 2727 1145 2791 ha
1165 2723 1292 2806 animo,
1315 2735 1453 2810 passato
1474 2722 1618 2807 qualche

363 2832 367 2842 ’
396 2853 521 2926 temp0,
540 2840 574 2908 di
590 2852 688 2928 poter
703 2840 833 2909 seruire
849 2844 929 2910 nell'
946 2863 1050 2929 opera
1066 2842 1099 2907 di
1116 2841 1275 2908 Genoua.

461 2955 592 3025 Stiamo
607 2956 683 3023 sani
698 2968 735 3025 et
750 2958 781 3023 ei
797 2956 812 2997 ¹³
833 2956 1130 3025 raccomandiamo
1146 2956 1212 3025 alle
1227 2955 1372 3023 orationi
1387 2954 1422 3020 di
1439 2956 1484 3021 V.
1509 2956 1565 3033 R„
1586 2964 1618 3020 et

395 3094 415 3137 a
431 3070 512 3137 tutti
527 3071 559 3139 ci
576 3072 657 3138 doni
679 3074 770 3139 bona
793 3096 924 3160 pasqua
940 3085 953 3113 ⁰
968 3074 1030 3158 jnel
1051 3095 1116 3140 suo
1136 3084 1235 3141 santo
1256 3072 1397 3140 seruitio
1412 3070 1486 3137 Idio
1507 3080 1618 3137 nostro

394 3186 546 3273 signore.
853 3270 857 3276 .

459 3306 513 3370 De
531 3306 638 3371 Roma
655 3322 697 3371 22
714 3304 748 3371 di
767 3308 884 3373 Marzo
906 3323 1000 3390 1554.

372 3444 381 3457 ·
459 3420 655 3506 Inscriptio.
675 3420 707 3485 A
723 3421 881 3489 Geneua.
902 3422 948 3488 Al
965 3423 1004 3487 P.
1025 3424 1175 3508 Laynez.

393 3564 578 3573 *—

443 3654 457 3678 ³
493 3636 740 3708 scupuchinoms.
780 3640 830 3679 -b
848 3636 875 3691 si
887 3654 942 3692 ms.
982 3650 1031 3678 -c
1050 3636 1158 3707 spacha
1172 3653 1228 3690 ms.
1287 3664 1289 3673 ν

442 3841 454 3870 ¹
492 3834 669 3908 Tarquinius
681 3834 719 3888 de
732 3832 895 3889 Ruinaldis.
908 3832 985 3887 Vide
999 3832 1138 3904 epistolas
1150 3831 1328 3903 superiores.

443 3926 454 3957 ³
491 3924 637 3979 Silvester
649 3921 799 3977 Londinus
813 3930 843 3976 et
857 3922 1030 3976 Emmanuei
1042 3920 1164 3976 Gomes.

443 4010 455 4044 ⁴
492 4016 621 4085 Jounnes
636 4012 700 4067 ota.
715 4010 808 4066 Viola.
