3567 5409
581 488 690 547 Ernsr.
713 486 849 560 3949.-2
869 490 1057 545 Deceunms
1078 485 1147 556 1553
1426 498 1444 553 7

240 641 318 709 cioe
338 644 407 708 che
427 641 494 709 Dio
515 642 559 709 N.
584 645 622 712 S.
646 644 729 712 fossi
750 643 809 729 pio
831 642 978 724 seruito,
1000 652 1036 711 et
1056 642 1232 711 consolate
1254 641 1277 705 l’
1300 638 1414 706 anime
1435 640 1480 707 de

237 758 344 843 quelli
358 760 425 827 che
440 758 716 844 spiritualmente
734 780 950 855 conuersano
966 780 1032 825 con
1049 758 1072 824 li
1089 756 1210 824 nostri.
1230 758 1303 823 Pur
1324 754 1479 823 scriuero

236 874 270 941 al
286 873 485 941 comissario
496 877 563 943 che
575 876 663 945 veda
680 878 794 960 quello
809 876 885 943 sari
903 874 1044 961 megli03
1064 883 1100 942 et
1117 895 1187 940 non
1199 871 1312 939 dubiti
1325 874 1369 940 V.
1386 871 1476 940 Stia.

240 990 276 1055 lo
292 990 377 1057 sari.

307 1108 408 1173 Mtro.
432 1106 589 1173 Adriano
610 1108 622 1141 ³
646 1107 762 1186 etiam,
786 1128 822 1174 se
844 1108 877 1173 la
897 1128 960 1173 sua
983 1105 1096 1173 saniti
1116 1106 1150 1171 lo
1174 1092 1420 1191 comportassi,
1445 1101 1479 1170 io

238 1221 381 1289 hauerei
397 1244 417 1289 a
432 1221 559 1307 piacer'
577 1233 746 1305 tornasse,
765 1222 892 1309 perche
908 1224 928 1289 ὁ
943 1231 1034 1289 stato
1050 1220 1197 1287 rimosso
1213 1221 1406 1289 solamente
1417 1240 1478 1307 per

237 1336 260 1401 il
278 1348 520 1406 mancamento
536 1337 571 1404 di
584 1339 711 1423 quella.

305 1454 384 1519 Non
400 1454 488 1519 altro
505 1474 566 1539 per
583 1454 614 1520 la
630 1465 803 1541 presente,
822 1476 859 1523 se
876 1476 947 1521 non
963 1454 1069 1519 molto
1085 1453 1129 1519 da
1151 1473 1256 1519 cuore
1278 1470 1477 1518 raccoman·
1548 1453 1554 1467 “

234 1568 346 1635 darmi
362 1590 428 1635 con
445 1579 535 1637 tutta
551 1580 669 1637 nostra
684 1590 764 1636 casa
780 1570 839 1638 all'
857 1568 1003 1636 orationi
1019 1569 1063 1636 de
1080 1570 1124 1633 V.
1143 1566 1233 1637 Sria.
1254 1566 1354 1661 Iddio
1371 1567 1415 1633 N.
1437 1568 1474 1635 S.

233 1704 255 1749 a
271 1684 354 1749 tutti
372 1685 525 1753 conceda
537 1706 601 1751 sua
616 1684 728 1770 gratia
741 1707 801 1771 per
817 1706 1005 1754 conoscere
1021 1705 1157 1771 sempre
1173 1693 1209 1750 et
1225 1681 1391 1769 adimpire
1415 1703 1477 1748 sua

235 1798 435 1866 santissima
456 1800 610 1866 volunti.

305 1916 359 1981 De
376 1916 484 1982 Roma
502 1934 521 1981 2
538 1917 582 1982 de
598 1918 791 1985 Decembre
812 1931 910 2001 1553.

305 2030 503 2117 Inscriptio.
520 2033 586 2099 Per
603 2032 635 2098 la
651 2030 823 2099 caualiera
835 2033 993 2101 Cortesa.

498 2334 673 2425 JOANNI
698 2213 925 2405 ANDgffiZ
948 2337 1215 2405 MANZOLLO

639 2465 729 2508 noire
743 2466 759 2508 2
773 2465 955 2509 orceunnrs
971 2450 1041 2521 1553
1054 2453 1075 2511 ³.

234 2584 357 2655 Repetit
376 2600 454 2655 quae
474 2585 508 2639 in
523 2586 770 2657 praecedentibus
789 2586 903 2642 litteris
914 2587 951 2641 de
972 2585 1102 2641 Caesare
1122 2588 1280 2639 riversano
1298 2584 1474 2657 scripserat.

307 2719 437 2807 Signor
453 2720 523 2786 mio
541 2722 597 2788 nel
612 2720 740 2808 Signor
756 2732 885 2790 nostro

306 2837 356 2903 La
372 2857 507 2903 summa
521 2837 644 2923 gratia,
663 2849 730 2905 etc.

303 2954 371 3021 Per
386 2974 454 3017 vna
470 2953 513 3019 de
529 2953 573 3019 V.
592 2952 680 3021 Sria.
699 2955 743 3019 de
760 2972 779 3037 3
796 2955 851 3020 del
866 2965 1039 3040 presente,
1057 2964 1093 3019 et
1113 2953 1199 3021 altre
1215 2952 1272 3019 del
1288 2950 1475 3020 medesimo

230 3078 367 3147 tenore,
385 3066 527 3136 intendo
543 3067 571 3134 si
587 3068 909 3149 contentarebbono
924 3072 989 3135 che
1006 3068 1187 3136 tornassia
1204 3067 1353 3136 Modena
1368 3070 1470 3133 Mtro.

229 3184 362 3251 Cesare
378 3184 390 3217 ⁸
408 3195 537 3251 nostro.
557 3183 622 3251 Lui
638 3186 658 3251 e
675 3185 835 3252 mandato
852 3186 951 3251 fuora
970 3184 1005 3251 di
1029 3185 1176 3252 Modena
1193 3204 1253 3270 per
1268 3193 1420 3270 respetto
1437 3182 1474 3247 di

228 3320 295 3366 sua
311 3297 435 3378 sanita,
453 3320 553 3366 como
568 3298 603 3365 io
616 3301 649 3365 lo
666 3302 801 3369 haueua
813 3300 935 3369 scritto
950 3301 982 3367 al
996 3299 1193 3367 comissario
1207 3309 1337 3378 nostro,
1352 3298 1475 3366 viden·

229 3414 277 3481 do
293 3415 361 3481 che
377 3425 472 3483 tante
487 3416 580 3484 volte
596 3416 774 3484 ricascaua
791 3418 881 3484 nella
893 3438 958 3483 sua
974 3414 1158 3495 infermiti,
1173 3414 1208 3483 in
1224 3415 1328 3483 modo
1343 3416 1401 3481 ch'
1417 3417 1473 3479 vn'

229 3531 333 3612 altro,
352 3532 417 3599 che
433 3530 561 3618 meglio
586 3531 811 3619 comportassi
836 3532 862 3597 l'
879 3509 951 3599 aria
968 3530 1004 3598 di
1026 3532 1186 3611 Modena,
1204 3529 1240 3597 in
1264 3530 1397 3617 luogho
1413 3550 1476 3595 suo

227 3645 380 3713 seruessi
396 3646 463 3713 alla
477 3646 663 3715 deuotione
678 3648 735 3715 del
751 3648 891 3734 populo,
911 3646 934 3713 ii
950 3650 1017 3713 che
1032 3646 1081 3713 lui
1097 3669 1167 3715 non
1184 3658 1312 3733 poteua
1334 3648 1396 3712 far’
1423 3666 1475 3712 es-

229 3762 342 3828 sendo
366 3760 567 3847 indisposto.
594 3763 670 3829 Con
698 3775 833 3849 questo,
859 3764 1017 3830 vedendo
1040 3764 1073 3829 la
1100 3764 1156 3849 pia
1182 3761 1347 3830 instantia
1371 3762 1415 3828 de
1443 3762 1475 3827 la

228 3876 321 3947 Sria.
345 3878 405 3957 V.‚
428 3882 461 3945 io
482 3876 597 3944 scriuo
618 3879 650 3944 ai
670 3889 789 3947 nostro
812 3878 1011 3947 comissario
1033 3880 1119 3947 veda
1140 3878 1254 3963 quello
1275 3878 1340 3944 che
1357 3875 1387 3943 si
1404 3879 1474 3963 puo

230 3994 318 4073 iare,
337 3992 554 4061 anchorachi
572 3992 617 4059 mi
634 3978 755 4062 debito
771 4016 839 4061 non
857 4016 958 4082 possa
974 4005 1125 4074 tornare,
1145 3993 1270 4081 perche
1286 3994 1305 4061 ὲ
1322 3993 1472 4060 amalato

230 4107 269 4173 in
290 4109 460 4195 Bologna.

299 4223 365 4291 Dio
382 4224 427 4309 N.
445 4226 485 4295 S.
502 4224 531 4291 si
547 4246 647 4293 serua
663 4224 697 4292 di
715 4226 762 4293 lui
775 4246 841 4293 con
857 4225 969 4293 sanita
982 4248 1004 4293 o
1016 4226 1199 4305 infermiti,
1220 4225 1291 4294 vita
1308 4248 1330 4294 o
1346 4236 1473 4304 morte,

232 4384 435 4396 --..-..

288 4476 300 4511 ³
338 4477 488 4535 Adrianus
506 4478 668 4536 Candidus.

285 4620 294 4657 ¹
334 4622 377 4675 Ex
390 4620 492 4679 codice
508 4622 626 4697 Regesi.
642 4623 667 4688 I,
681 4622 732 4683 iol.
747 4624 956 4693 52.-Carios,
971 4643 1001 4685 n.
1015 4624 1190 4681 CCCLXXI
1203 4626 1247 4694 (11
1265 4626 1366 4693 Nov.).

283 4712 295 4745 2
334 4708 445 4767 Caesar
459 4713 642 4773 Avereanus.
659 4713 735 4769 Vide
750 4713 907 4785 epistolam
920 4714 1004 4783 3947.
