3567 5409
420 439 475 515 334
796 443 1003 499 Mortuum
1027 444 1206 500 tormini

452 599 483 666 Il
498 598 647 663 nottario
663 610 698 665 et
714 598 736 663 l'
754 597 842 663 altro
857 597 1034 663 calabreze
1046 596 1074 663 si
1091 609 1261 681 potranno
1278 600 1451 665 mandata
1469 599 1576 665 Roma
1592 620 1611 663 a

386 732 450 781 suo
467 712 594 799 piacet.

452 829 553 897 Circa
572 830 595 895 l'
613 831 699 895 altre
719 850 801 897 cose
821 828 855 894 di
876 828 1092 897 edificatione
1112 832 1178 898 che
1194 832 1237 897 V.
1265 831 1304 898 R.
1325 830 1451 911 scriue,
1469 830 1500 896 ci
1515 830 1611 897 ratle-

386 968 508 1033 gramo
525 945 582 1016 nel
596 944 725 1033 Signor
739 958 875 1015 nostro.
909 990 911 995 -

454 1064 498 1129 Et
513 1084 574 1149 per
589 1063 620 1129 le
640 1060 857 1147 occupationi
878 1082 947 1129 non
969 1062 1015 1128 mi
1031 1063 1212 1131 ostendero
1228 1063 1272 1129 ad
1287 1064 1385 1141 altr0,
1408 1084 1446 1131 se
1463 1082 1529 1127 non
1545 1061 1614 1127 che

386 1180 441 1244 all'
460 1176 603 1245 orationi
624 1198 686 1245 sue
702 1176 782 1243 tutti
799 1178 905 1243 molto
921 1178 954 1243 ci
970 1178 1277 1245 raccomandiamo.

453 1294 497 1361 Di
513 1296 622 1361 Roma
642 1311 680 1375 17
697 1292 732 1360 di
749 1292 893 1363 Febraio
914 1309 1009 1379 1554.

452 1410 649 1495 Inscriptio.
669 1410 700 1475 A
719 1411 821 1476 Mtro.
839 1408 980 1477 Giouan
997 1411 1023 1476 F
1025 1388 1199 1477 raneosco.

452 1527 501 1595 La
514 1523 704 1591 istitutione
716 1525 803 1591 della
814 1524 1019 1611 compagnia
1031 1526 1074 1592 de
1086 1524 1368 1605 communicanti,
1382 1546 1402 1592 a
1416 1528 1461 1595 N.
1476 1528 1516 1592 P.
1532 1546 1613 1612 pare

385 1644 511 1721 bunna,
531 1663 585 1706 ma
602 1640 625 1705 il
641 1661 741 1707 nome
757 1661 825 1707 non
842 1638 890 1726 gli
907 1650 1080 1721 contenta3
1099 1640 1158 1727 pii1
1170 1652 1285 1728 presto
1297 1641 1326 1708 si
1341 1640 1612 1741 potrio'chiama·
1668 1723 1677 1739 „

385 1779 423 1824 re
437 1757 527 1824 della
543 1755 765 1825 ueneratione
779 1756 835 1823 del
851 1766 1077 1838 sacramento,
1095 1778 1116 1823 o
1133 1778 1216 1825 uero
1231 1759 1319 1824 della
1336 1756 1558 1825 ueneratione
1569 1756 1613 1823 de

382 1876 478 1961 Jeso,
501 1894 523 1939 o
546 1893 629 1939 uero
652 1872 733 1940 dell'
755 1873 877 1953 honor,
903 1870 938 1939 in
959 1874 1065 1958 luogo
1085 1871 1119 1938 di
1143 1872 1376 1941 ueneratione.
1400 1876 1427 1941 F
1429 1872 1611 1940 inclmente

388 1989 465 2054 VV.
484 1988 557 2054 RR.
576 1986 721 2073 pennino
738 1990 796 2052 un'
814 1988 903 2054 altro
919 2008 1020 2055 nome
1036 1987 1095 2073 pin
1110 1990 1142 2056 al
1158 1989 1332 2076 proposito
1343 1991 1411 2057 che
1426 1991 1457 2055 la
1473 2010 1610 2075 compa-

388 2102 471 2191 gnia
485 2104 530 2169 de
545 2100 812 2169 communicanti
825 2103 850 2170 ¹.

364 2197 366 2201 ι
455 2219 496 2285 In
512 2222 691 2305 margine.
709 2217 843 2302 Napoli.
862 2220 893 2285 A
912 2221 1014 2287 Mtro.
1034 2218 1209 2287 Giovanni
1227 2221 1432 2289 francesco.

964 2400 1057 2479 4173

602 2530 607 2539 ’
697 2530 916 2617 JACOBAE
942 2530 1293 2599 PALLAVICINAE

778 2666 867 2710 noui
884 2666 916 2723 17
930 2666 1102 2711 runnunnn
1118 2668 1187 2727 1554
1201 2656 1221 2715 ¹.

380 2796 514 2868 Acceptis
526 2797 638 2853 litteris
648 2796 776 2870 officioso
789 2799 957 2869 respondet.
965 2829 988 2837 -
1000 2800 1104 2855 Preces
1115 2803 1173 2871 pro
1186 2802 1237 2871 iic,
1248 2819 1322 2873 quor
1334 2804 1402 2875 ipra
1415 2802 1481 2857 vuit
1492 2803 1613 2877 ignatio

684 2888 916 2967 commendatos,
930 2904 960 2943 se
967 2887 1132 2959 facturum
1144 2890 1317 2961 pollicetur.

452 3037 521 3107 Mia
535 3038 677 3125 signora
693 3040 750 3108 nel
767 3050 886 3106 nostro
902 3041 1041 3128 Signor.

451 3158 500 3223 La
516 3176 647 3221 somma
663 3154 775 3241 gratia
790 3167 826 3221 et
844 3176 939 3222 amor
954 3166 1086 3238 etern0‚
1104 3174 1172 3226 etc.

452 3272 529 3339 Vna
545 3272 666 3339 lettera
680 3272 725 3339 de
741 3288 783 3337 22
803 3270 838 3337 di
849 3273 1009 3339 Gennaio
1020 3288 1157 3358 passato
1170 3276 1217 3341 ho
1231 3276 1387 3345 riceuuto
1398 3278 1433 3343 di
1447 3279 1491 3346 V.
1505 3280 1607 3358 Stin,

391 3400 427 3457 et
442 3389 489 3454 ho
505 3386 682 3472 esseguito
697 3386 813 3470 quello
828 3387 874 3452 mi
890 3390 1058 3455 comantia
1074 3390 1118 3455 da
1132 3391 1183 3456 far
1193 3392 1359 3471 oratione,
1374 3405 1409 3459 et
1421 3394 1482 3461 dar
1494 3394 1610 3463 ordine

389 3536 594 3547 ...η-,φ

383 3618 433 3677 fol.
457 3631 514 3687 tor:
538 3618 569 3674 in
592 3628 717 3691 utroque
736 3617 839 3673 codice
859 3634 1013 3690 perperam
1035 3620 1204 3693 scriptionis
1225 3622 1289 3679 dies
1307 3624 1414 3681 dicitur
1433 3640 1468 3681 πο
1486 3628 1609 3684 Februa·

383 3708 420 3763 rii
437 3721 520 3777 1554.

434 3802 445 3832 ¹
483 3798 586 3853 «Duae
605 3795 876 3867 confraternitates,
890 3798 983 3851 altera
1003 3798 1144 3865 virorum,
1157 3801 1251 3857 altera
1265 3804 1432 3876 mulierum,
1445 3806 1545 3863 studio
1564 3824 1610 3863 no·

382 3894 511 3941 strorum
523 3885 625 3958 primis
638 3886 725 3957 huJ'us
738 3885 808 3940 anni
821 3886 974 3942 mensibus
986 3888 1169 3949 coaluerunt.
1183 3890 1384 3965 Congregntio
1397 3895 1527 3952 virorum
1536 3896 1610 3953 deci·

383 3992 431 4030 mo
441 3976 546 4049 quinto
557 3992 675 4048 quoqne
687 3974 737 4030 die
754 3974 791 4029 ad
807 3976 1046 4031 communionem
1063 3980 1211 4035 accessuri
1230 3993 1359 4042 erant...:
1380 3986 1491 4041 nullum
1505 4003 1609 4042 nornen

381 4064 506 4122 inditum
521 4064 605 4120 initio
618 4064 851 4135 Congregationi
868 4064 1060 4121 foeminarum
1075 4068 1141 4135 (sed
1155 4079 1256 4141 postea
1276 4070 1481 4149 Congrogatio
1494 4078 1609 4133 amota·

382 4154 534 4225 ramlera
546 4152 625 4209 dicta
637 4156 708 4222 est);
725 4153 780 4208 viri
792 4163 890 4209 nutem
905 4171 977 4209 suae
990 4154 1222 4227 Congregationi
1236 4178 1344 4218 nomen
1358 4164 1413 4219 hoc
1426 4175 1607 4238 acceperant,

381 4242 505 4313 scilicet,
527 4242 734 4316 Congregotio
746 4244 1264 4319 communicantium;portenju1to
1278 4250 1311 4307 Ρ.
1334 4252 1441 4323 ignatii
1457 4254 1607 4326 judicium.

382 4330 589 4404 congregatio
601 4334 807 4387 venerationis
820 4332 898 4387 Smi.
910 4334 1106 4391 Sacramenta·
1114 4336 1193 4393 dicta
1205 4348 1281 4397 est.»
1292 4340 1473 4415 Ponticus,
1486 4342 1610 4409 Chron..

385 4420 436 4489 1v,
463 4432 515 4489 174
532 4429 563 4476 et
583 4432 646 4491 175.
669 4420 745 4476 Vide
763 4423 877 4491 locum,
898 4422 949 4477 ubi
968 4424 1049 4495 plura
1068 4424 1106 4481 de
1126 4426 1279 4501 utriunque
1292 4430 1457 4489 sodalitati·
1475 4450 1565 4507 scopo
1582 4444 1609 4491 et

384 4506 598 4581 functionibus,
610 4510 722 4581 optima
731 4509 863 4582 quidem,
876 4510 1026 4567 dicuntur.

438 4664 446 4693 ¹
484 4660 527 4715 Ex
541 4660 645 4717 codice
660 4663 780 4735 Rogant.
795 4662 837 4727 H,
851 4662 886 4723 fi.
900 4662 1190 4734 sir-specum,
1205 4688 1235 4729 n.
1250 4671 1461 4731 ccccxx1V.
