<?xml version="1.0" encoding="UTF-8"?>
<!DOCTYPE html PUBLIC "-//W3C//DTD XHTML 1.0 Transitional//EN"
    "http://www.w3.org/TR/xhtml1/DTD/xhtml1-transitional.dtd">
<html xmlns="http://www.w3.org/1999/xhtml" xml:lang="en" lang="en">
 <head>
  <title>
</title>
<meta http-equiv="Content-Type" content="text/html;charset=utf-8" />
  <meta name='ocr-system' content='tesseract 3.04.00' />
  <meta name='ocr-capabilities' content='ocr_page ocr_carea ocr_par ocr_line ocrx_word'/>
</head>
<body>
  <div class='ocr_page' id='page_1' title='image "./monumentaignati01ignagoog_0453.png"; bbox 0 0 3567 5409; ppageno 0'>
   <div class='ocr_carea' id='block_1_1' title="bbox 549 492 1377 563">
    <p class='ocr_par' dir='ltr' id='par_1_1' title="bbox 549 492 1377 563">
     <span class='ocr_line' id='line_1_1' title="bbox 549 492 1377 563; baseline 0.004 -15"><span class='ocrx_word' id='word_1_1' title='bbox 549 492 653 549; x_wconf 71' lang='lat' dir='ltr'><strong>Rem.</strong></span> <span class='ocrx_word' id='word_1_2' title='bbox 672 502 828 562; x_wconf 82' lang='lat'>4²51··-1⁰</span> <span class='ocrx_word' id='word_1_3' title='bbox 845 492 962 547; x_wconf 77' lang='lat' dir='ltr'><strong>Msuru</strong></span> <span class='ocrx_word' id='word_1_4' title='bbox 983 502 1052 561; x_wconf 81' lang='lat'>1554</span> <span class='ocrx_word' id='word_1_5' title='bbox 1325 502 1377 563; x_wconf 82' lang='lat'><strong>447</strong></span> 
     </span>
    </p>
   </div>
   <div class='ocr_carea' id='block_1_2' title="bbox 166 640 1413 2351">
    <p class='ocr_par' dir='ltr' id='par_1_2' title="bbox 166 640 1413 1890">
     <span class='ocr_line' id='line_1_2' title="bbox 166 640 1413 724; baseline 0.003 -15"><span class='ocrx_word' id='word_1_6' title='bbox 166 644 306 713; x_wconf 91' lang='lat' dir='ltr'><strong>blicum</strong></span> <span class='ocrx_word' id='word_1_7' title='bbox 322 646 586 715; x_wconf 83' lang='lat' dir='ltr'><strong>instrumentum</strong></span> <span class='ocrx_word' id='word_1_8' title='bbox 599 666 678 712; x_wconf 88' lang='lat' dir='ltr'><strong>cum</strong></span> <span class='ocrx_word' id='word_1_9' title='bbox 695 644 748 712; x_wconf 90' lang='lat' dir='ltr'><strong>his</strong></span> <span class='ocrx_word' id='word_1_10' title='bbox 759 644 867 712; x_wconf 90' lang='lat' dir='ltr'><strong>literis</strong></span> <span class='ocrx_word' id='word_1_11' title='bbox 878 640 1034 724; x_wconf 87' lang='lat' dir='ltr'><strong>missum,</strong></span> <span class='ocrx_word' id='word_1_12' title='bbox 1052 642 1141 709; x_wconf 89' lang='lat' dir='ltr'><strong>inter</strong></span> <span class='ocrx_word' id='word_1_13' title='bbox 1153 654 1289 713; x_wconf 84' lang='lat' dir='ltr'><strong>caetera</strong></span> <span class='ocrx_word' id='word_1_14' title='bbox 1305 646 1349 713; x_wconf 90' lang='lat' dir='ltr'><strong>ad</strong></span> <span class='ocrx_word' id='word_1_15' title='bbox 1362 666 1413 713; x_wconf 90' lang='lat' dir='ltr'><strong>re-</strong></span> 
     </span>
     <span class='ocr_line' id='line_1_3' title="bbox 166 758 1413 847; baseline 0.003 -22"><span class='ocrx_word' id='word_1_16' title='bbox 166 759 375 846; x_wconf 88' lang='lat' dir='ltr'><strong>cipiendum</strong></span> <span class='ocrx_word' id='word_1_17' title='bbox 392 781 616 847; x_wconf 87' lang='lat' dir='ltr'><strong>quascunque</strong></span> <span class='ocrx_word' id='word_1_18' title='bbox 633 758 856 847; x_wconf 81' lang='lat' dir='ltr'><strong>pecuniarum</strong></span> <span class='ocrx_word' id='word_1_19' title='bbox 872 781 1026 827; x_wconf 88' lang='lat' dir='ltr'><strong>summas</strong></span> <span class='ocrx_word' id='word_1_20' title='bbox 1041 760 1085 829; x_wconf 95' lang='lat' dir='ltr'><strong>de</strong></span> <span class='ocrx_word' id='word_1_21' title='bbox 1102 761 1206 827; x_wconf 86' lang='lat' dir='ltr'><strong>rebus</strong></span> <span class='ocrx_word' id='word_1_22' title='bbox 1218 760 1254 826; x_wconf 93' lang='lat' dir='ltr'><strong>in</strong></span> <span class='ocrx_word' id='word_1_23' title='bbox 1271 760 1413 829; x_wconf 89' lang='lat' dir='ltr'><strong>ciuitate</strong></span> 
     </span>
     <span class='ocr_line' id='line_1_4' title="bbox 166 875 1410 963; baseline 0 -19"><span class='ocrx_word' id='word_1_24' title='bbox 166 887 207 944; x_wconf 87' lang='lat' dir='ltr'><strong>et</strong></span> <span class='ocrx_word' id='word_1_25' title='bbox 224 876 389 944; x_wconf 91' lang='lat' dir='ltr'><strong>districtu</strong></span> <span class='ocrx_word' id='word_1_26' title='bbox 406 876 575 963; x_wconf 84' lang='lat' dir='ltr'><strong>parmensi</strong></span> <span class='ocrx_word' id='word_1_27' title='bbox 597 875 623 956; x_wconf 65' lang='lat' dir='ltr'><strong>l,</strong></span> <span class='ocrx_word' id='word_1_28' title='bbox 645 878 689 943; x_wconf 89' lang='lat' dir='ltr'><strong>ad</strong></span> <span class='ocrx_word' id='word_1_29' title='bbox 711 877 921 945; x_wconf 82' lang='lat' dir='ltr'><strong>Societatem</strong></span> <span class='ocrx_word' id='word_1_30' title='bbox 943 887 1095 943; x_wconf 89' lang='lat' dir='ltr'><strong>nostram</strong></span> <span class='ocrx_word' id='word_1_31' title='bbox 1117 876 1369 963; x_wconf 86' lang='lat' dir='ltr'><strong>pertinentibus</strong></span> <span class='ocrx_word' id='word_1_32' title='bbox 1385 886 1410 957; x_wconf 78' lang='lat'><strong>⁰,</strong></span> 
     </span>
     <span class='ocr_line' id='line_1_5' title="bbox 167 991 1412 1077; baseline 0.001 -20"><span class='ocrx_word' id='word_1_33' title='bbox 167 1002 283 1077; x_wconf 89' lang='lat' dir='ltr'><strong>prout</strong></span> <span class='ocrx_word' id='word_1_34' title='bbox 299 992 333 1059; x_wconf 91' lang='lat' dir='ltr'><strong>in</strong></span> <span class='ocrx_word' id='word_1_35' title='bbox 351 991 580 1061; x_wconf 86' lang='lat' dir='ltr'><strong>instrumento</strong></span> <span class='ocrx_word' id='word_1_36' title='bbox 592 992 685 1059; x_wconf 88' lang='lat' dir='ltr'><strong>dicto</strong></span> <span class='ocrx_word' id='word_1_37' title='bbox 701 992 803 1059; x_wconf 87' lang='lat' dir='ltr'><strong>latius</strong></span> <span class='ocrx_word' id='word_1_38' title='bbox 819 991 1028 1072; x_wconf 85' lang='lat' dir='ltr'><strong>continetur,</strong></span> <span class='ocrx_word' id='word_1_39' title='bbox 1044 992 1156 1059; x_wconf 89' lang='lat' dir='ltr'><strong>uisum</strong></span> <span class='ocrx_word' id='word_1_40' title='bbox 1173 1004 1226 1061; x_wconf 84' lang='lat' dir='ltr'><strong>est</strong></span> <span class='ocrx_word' id='word_1_41' title='bbox 1243 992 1278 1058; x_wconf 89' lang='lat' dir='ltr'><strong>in</strong></span> <span class='ocrx_word' id='word_1_42' title='bbox 1292 992 1412 1061; x_wconf 84' lang='lat' dir='ltr'><strong>Domi·</strong></span> 
     </span>
     <span class='ocr_line' id='line_1_6' title="bbox 166 1107 1410 1195; baseline 0.002 -22"><span class='ocrx_word' id='word_1_43' title='bbox 166 1128 220 1174; x_wconf 93' lang='lat' dir='ltr'><strong>no</strong></span> <span class='ocrx_word' id='word_1_44' title='bbox 240 1121 280 1175; x_wconf 88' lang='lat' dir='ltr'><strong>ut</strong></span> <span class='ocrx_word' id='word_1_45' title='bbox 302 1108 376 1189; x_wconf 92' lang='lat' dir='ltr'><strong>tibi,</strong></span> <span class='ocrx_word' id='word_1_46' title='bbox 398 1120 434 1178; x_wconf 90' lang='lat' dir='ltr'><strong>et</strong></span> <span class='ocrx_word' id='word_1_47' title='bbox 453 1109 615 1175; x_wconf 90' lang='lat' dir='ltr'><strong>omnibus</strong></span> <span class='ocrx_word' id='word_1_48' title='bbox 635 1130 782 1195; x_wconf 88' lang='lat' dir='ltr'><strong>quorum</strong></span> <span class='ocrx_word' id='word_1_49' title='bbox 803 1107 946 1177; x_wconf 87' lang='lat' dir='ltr'><strong>interest</strong></span> <span class='ocrx_word' id='word_1_50' title='bbox 968 1110 1023 1175; x_wconf 88' lang='lat' dir='ltr'><strong>uel</strong></span> <span class='ocrx_word' id='word_1_51' title='bbox 1044 1108 1210 1177; x_wconf 81' lang='lat' dir='ltr'><strong>interesse</strong></span> <span class='ocrx_word' id='word_1_52' title='bbox 1232 1110 1358 1194; x_wconf 90' lang='lat' dir='ltr'><strong>poterit</strong></span> <span class='ocrx_word' id='word_1_53' title='bbox 1375 1109 1410 1175; x_wconf 94' lang='lat' dir='ltr'><strong>id</strong></span> 
     </span>
     <span class='ocr_line' id='line_1_7' title="bbox 167 1223 1412 1305; baseline 0.002 -16"><span class='ocrx_word' id='word_1_54' title='bbox 167 1223 281 1303; x_wconf 85' lang='lat' dir='ltr'><strong>scire,</strong></span> <span class='ocrx_word' id='word_1_55' title='bbox 299 1224 514 1293; x_wconf 82' lang='lat' dir='ltr'><strong>declaremus</strong></span> <span class='ocrx_word' id='word_1_56' title='bbox 529 1227 618 1292; x_wconf 84' lang='lat' dir='ltr'><strong>hanc</strong></span> <span class='ocrx_word' id='word_1_57' title='bbox 633 1246 711 1293; x_wconf 87' lang='lat' dir='ltr'><strong>esse</strong></span> <span class='ocrx_word' id='word_1_58' title='bbox 726 1236 876 1293; x_wconf 87' lang='lat' dir='ltr'><strong>mentem</strong></span> <span class='ocrx_word' id='word_1_59' title='bbox 892 1236 927 1293; x_wconf 92' lang='lat' dir='ltr'><strong>et</strong></span> <span class='ocrx_word' id='word_1_60' title='bbox 948 1224 1173 1295; x_wconf 89' lang='lat' dir='ltr'><strong>intentionem</strong></span> <span class='ocrx_word' id='word_1_61' title='bbox 1190 1237 1354 1305; x_wconf 86' lang='lat' dir='ltr'><strong>nostram,</strong></span> <span class='ocrx_word' id='word_1_62' title='bbox 1374 1236 1412 1291; x_wconf 90' lang='lat' dir='ltr'><strong>ut</strong></span> 
     </span>
     <span class='ocr_line' id='line_1_8' title="bbox 166 1336 1408 1426; baseline 0.001 -21"><span class='ocrx_word' id='word_1_63' title='bbox 166 1336 348 1405; x_wconf 89' lang='lat' dir='ltr'><strong>eiusmodi</strong></span> <span class='ocrx_word' id='word_1_64' title='bbox 365 1339 560 1426; x_wconf 89' lang='lat' dir='ltr'><strong>pecuniam,</strong></span> <span class='ocrx_word' id='word_1_65' title='bbox 587 1339 708 1426; x_wconf 82' lang='lat' dir='ltr'><strong>uigore</strong></span> <span class='ocrx_word' id='word_1_66' title='bbox 728 1339 956 1426; x_wconf 85' lang='lat' dir='ltr'><strong>procuratorii</strong></span> <span class='ocrx_word' id='word_1_67' title='bbox 978 1339 1196 1409; x_wconf 82' lang='lat' dir='ltr'><strong>instrumenti</strong></span> <span class='ocrx_word' id='word_1_68' title='bbox 1217 1342 1408 1421; x_wconf 85' lang='lat' dir='ltr'><strong>collectam,</strong></span> 
     </span>
     <span class='ocr_line' id='line_1_9' title="bbox 168 1451 1407 1542; baseline 0.005 -24"><span class='ocrx_word' id='word_1_69' title='bbox 168 1451 207 1519; x_wconf 87' lang='lat' dir='ltr'><strong>in</strong></span> <span class='ocrx_word' id='word_1_70' title='bbox 229 1476 316 1523; x_wconf 88' lang='lat' dir='ltr'><strong>usus</strong></span> <span class='ocrx_word' id='word_1_71' title='bbox 329 1467 407 1523; x_wconf 88' lang='lat' dir='ltr'><strong>tuos</strong></span> <span class='ocrx_word' id='word_1_72' title='bbox 418 1456 605 1541; x_wconf 81' lang='lat' dir='ltr'><strong>expendas,</strong></span> <span class='ocrx_word' id='word_1_73' title='bbox 619 1468 722 1542; x_wconf 88' lang='lat' dir='ltr'><strong>prout</strong></span> <span class='ocrx_word' id='word_1_74' title='bbox 737 1455 771 1521; x_wconf 94' lang='lat' dir='ltr'><strong>in</strong></span> <span class='ocrx_word' id='word_1_75' title='bbox 786 1455 935 1524; x_wconf 91' lang='lat' dir='ltr'><strong>Domino</strong></span> <span class='ocrx_word' id='word_1_76' title='bbox 946 1454 1132 1525; x_wconf 83' lang='lat' dir='ltr'><strong>conuenire</strong></span> <span class='ocrx_word' id='word_1_77' title='bbox 1145 1454 1325 1523; x_wconf 88' lang='lat' dir='ltr'><strong>iudicabis.</strong></span> <span class='ocrx_word' id='word_1_78' title='bbox 1341 1458 1407 1524; x_wconf 71' lang='lat' dir='ltr'><strong>No¹</strong></span> 
     </span>
     <span class='ocr_line' id='line_1_10' title="bbox 167 1568 1411 1658; baseline 0.003 -23"><span class='ocrx_word' id='word_1_79' title='bbox 167 1569 271 1637; x_wconf 86' lang='lat' dir='ltr'><strong>mine</strong></span> <span class='ocrx_word' id='word_1_80' title='bbox 286 1591 372 1657; x_wconf 83' lang='lat' dir='ltr'><strong>ergo</strong></span> <span class='ocrx_word' id='word_1_81' title='bbox 388 1568 572 1641; x_wconf 86' lang='lat' dir='ltr'><strong>Societatis</strong></span> <span class='ocrx_word' id='word_1_82' title='bbox 587 1582 623 1640; x_wconf 87' lang='lat' dir='ltr'><strong>et</strong></span> <span class='ocrx_word' id='word_1_83' title='bbox 639 1570 752 1658; x_wconf 86' lang='lat' dir='ltr'><strong>recipe</strong></span> <span class='ocrx_word' id='word_1_84' title='bbox 767 1582 804 1639; x_wconf 93' lang='lat' dir='ltr'><strong>et</strong></span> <span class='ocrx_word' id='word_1_85' title='bbox 818 1570 922 1639; x_wconf 89' lang='lat' dir='ltr'><strong>etiarn</strong></span> <span class='ocrx_word' id='word_1_86' title='bbox 937 1571 1094 1657; x_wconf 86' lang='lat' dir='ltr'><strong>expende</strong></span> <span class='ocrx_word' id='word_1_87' title='bbox 1106 1568 1132 1651; x_wconf 68' lang='lat'><strong>⁶,</strong></span> <span class='ocrx_word' id='word_1_88' title='bbox 1151 1584 1187 1641; x_wconf 88' lang='lat' dir='ltr'><strong>et</strong></span> <span class='ocrx_word' id='word_1_89' title='bbox 1203 1570 1411 1639; x_wconf 88' lang='lat' dir='ltr'><strong>ualetudinis</strong></span> 
     </span>
     <span class='ocr_line' id='line_1_11' title="bbox 169 1685 1409 1773; baseline 0.002 -22"><span class='ocrx_word' id='word_1_90' title='bbox 169 1696 260 1753; x_wconf 84' lang='lat' dir='ltr'><strong>tuae</strong></span> <span class='ocrx_word' id='word_1_91' title='bbox 276 1706 393 1755; x_wconf 87' lang='lat' dir='ltr'><strong>curam</strong></span> <span class='ocrx_word' id='word_1_92' title='bbox 410 1688 499 1753; x_wconf 87' lang='lat' dir='ltr'><strong>habe</strong></span> <span class='ocrx_word' id='word_1_93' title='bbox 514 1698 541 1769; x_wconf 53' lang='grc' dir='ltr'><strong>θ,</strong></span> <span class='ocrx_word' id='word_1_94' title='bbox 558 1697 597 1753; x_wconf 86' lang='lat' dir='ltr'><strong>ut</strong></span> <span class='ocrx_word' id='word_1_95' title='bbox 612 1708 688 1755; x_wconf 83' lang='lat' dir='ltr'><strong>earn</strong></span> <span class='ocrx_word' id='word_1_96' title='bbox 705 1686 740 1753; x_wconf 94' lang='lat' dir='ltr'><strong>in</strong></span> <span class='ocrx_word' id='word_1_97' title='bbox 757 1686 821 1756; x_wconf 90' lang='lat' dir='ltr'><strong>Dei</strong></span> <span class='ocrx_word' id='word_1_98' title='bbox 836 1685 992 1755; x_wconf 80' lang='lat' dir='ltr'><strong>altissimi</strong></span> <span class='ocrx_word' id='word_1_99' title='bbox 1009 1686 1105 1753; x_wconf 87' lang='lat' dir='ltr'><strong>cultu</strong></span> <span class='ocrx_word' id='word_1_100' title='bbox 1121 1700 1155 1753; x_wconf 93' lang='lat' dir='ltr'><strong>et</strong></span> <span class='ocrx_word' id='word_1_101' title='bbox 1179 1686 1409 1773; x_wconf 83' lang='lat' dir='ltr'><strong>proximorum</strong></span> 
     </span>
     <span class='ocr_line' id='line_1_12' title="bbox 171 1801 990 1890; baseline -0.001 -21"><span class='ocrx_word' id='word_1_102' title='bbox 171 1801 309 1869; x_wconf 84' lang='lat' dir='ltr'><strong>auxilio</strong></span> <span class='ocrx_word' id='word_1_103' title='bbox 326 1802 440 1871; x_wconf 89' lang='lat' dir='ltr'><strong>ualeas</strong></span> <span class='ocrx_word' id='word_1_104' title='bbox 455 1802 646 1889; x_wconf 88' lang='lat' dir='ltr'><strong>dispensari</strong></span> <span class='ocrx_word' id='word_1_105' title='bbox 660 1813 765 1888; x_wconf 88' lang='lat' dir='ltr'><strong>atque</strong></span> <span class='ocrx_word' id='word_1_106' title='bbox 780 1802 990 1890; x_wconf 88' lang='lat' dir='ltr'><strong>impendere.</strong></span> 
     </span>
    </p>

    <p class='ocr_par' dir='ltr' id='par_1_3' title="bbox 248 1918 718 2007">
     <span class='ocr_line' id='line_1_13' title="bbox 248 1918 718 2007; baseline -0.004 -20"><span class='ocrx_word' id='word_1_107' title='bbox 248 1919 337 1987; x_wconf 82' lang='lat' dir='ltr'><strong>Uale</strong></span> <span class='ocrx_word' id='word_1_108' title='bbox 353 1918 387 1984; x_wconf 93' lang='lat' dir='ltr'><strong>in</strong></span> <span class='ocrx_word' id='word_1_109' title='bbox 403 1918 544 1985; x_wconf 89' lang='lat' dir='ltr'><strong>domino</strong></span> <span class='ocrx_word' id='word_1_110' title='bbox 555 1920 639 2007; x_wconf 88' lang='lat' dir='ltr'><strong>Jesu</strong></span> <span class='ocrx_word' id='word_1_111' title='bbox 656 1920 718 1985; x_wconf 84' lang='lat' dir='ltr'><strong>X.⁰</strong></span> 
     </span>
    </p>

    <p class='ocr_par' dir='ltr' id='par_1_4' title="bbox 244 2033 783 2119">
     <span class='ocr_line' id='line_1_14' title="bbox 244 2033 783 2119; baseline 0 -20"><span class='ocrx_word' id='word_1_112' title='bbox 244 2034 376 2100; x_wconf 84' lang='lat' dir='ltr'><strong>Romae</strong></span> <span class='ocrx_word' id='word_1_113' title='bbox 396 2034 468 2103; x_wconf 81' lang='lat'><strong>10.⁸</strong></span> <span class='ocrx_word' id='word_1_114' title='bbox 482 2033 539 2102; x_wconf 89' lang='lat' dir='ltr'><strong>die</strong></span> <span class='ocrx_word' id='word_1_115' title='bbox 554 2033 670 2103; x_wconf 86' lang='lat' dir='ltr'><strong>Martii</strong></span> <span class='ocrx_word' id='word_1_116' title='bbox 687 2050 783 2119; x_wconf 82' lang='lat'>1554.</span> 
     </span>
    </p>

    <p class='ocr_par' dir='ltr' id='par_1_5' title="bbox 173 2148 1411 2351">
     <span class='ocr_line' id='line_1_15' title="bbox 249 2148 1411 2239; baseline 0.002 -26"><span class='ocrx_word' id='word_1_117' title='bbox 249 2149 392 2215; x_wconf 77' lang='lat' dir='ltr'><strong>Titulus.</strong></span> <span class='ocrx_word' id='word_1_118' title='bbox 417 2151 486 2216; x_wconf 90' lang='lat' dir='ltr'><strong>Pro</strong></span> <span class='ocrx_word' id='word_1_119' title='bbox 501 2151 636 2239; x_wconf 86' lang='lat' dir='ltr'><strong>Joanne</strong></span> <span class='ocrx_word' id='word_1_120' title='bbox 655 2150 811 2237; x_wconf 84' lang='lat' dir='ltr'><strong>Baptista</strong></span> <span class='ocrx_word' id='word_1_121' title='bbox 832 2148 944 2229; x_wconf 86' lang='lat' dir='ltr'><strong>Viola,</strong></span> <span class='ocrx_word' id='word_1_122' title='bbox 974 2160 1013 2217; x_wconf 91' lang='lat' dir='ltr'><strong>ut</strong></span> <span class='ocrx_word' id='word_1_123' title='bbox 1040 2148 1172 2237; x_wconf 76' lang='lat' dir='ltr'><strong>poslslit</strong></span> <span class='ocrx_word' id='word_1_124' title='bbox 1192 2150 1235 2217; x_wconf 93' lang='lat' dir='ltr'><strong>de</strong></span> <span class='ocrx_word' id='word_1_125' title='bbox 1256 2148 1411 2235; x_wconf 87' lang='lat' dir='ltr'><strong>pecuniis</strong></span> 
     </span>
     <span class='ocr_line' id='line_1_16' title="bbox 173 2263 1219 2351; baseline -0.002 -20"><span class='ocrx_word' id='word_1_126' title='bbox 173 2266 325 2333; x_wconf 89' lang='lat' dir='ltr'><strong>Parmae</strong></span> <span class='ocrx_word' id='word_1_127' title='bbox 340 2264 486 2351; x_wconf 81' lang='lat' dir='ltr'><strong>receptis</strong></span> <span class='ocrx_word' id='word_1_128' title='bbox 501 2264 537 2331; x_wconf 93' lang='lat' dir='ltr'><strong>in</strong></span> <span class='ocrx_word' id='word_1_129' title='bbox 552 2286 635 2331; x_wconf 85' lang='lat' dir='ltr'><strong>suos</strong></span> <span class='ocrx_word' id='word_1_130' title='bbox 652 2286 735 2332; x_wconf 87' lang='lat' dir='ltr'><strong>usus</strong></span> <span class='ocrx_word' id='word_1_131' title='bbox 751 2263 834 2351; x_wconf 90' lang='lat' dir='ltr'><strong>quid</strong></span> <span class='ocrx_word' id='word_1_132' title='bbox 850 2264 999 2333; x_wconf 88' lang='lat' dir='ltr'><strong>uoluerit</strong></span> <span class='ocrx_word' id='word_1_133' title='bbox 1014 2265 1219 2351; x_wconf 84' lang='lat' dir='ltr'><strong>expendere.</strong></span> 
     </span>
    </p>
   </div>
   <div class='ocr_carea' id='block_1_3' title="bbox 306 2454 1269 2665">
    <p class='ocr_par' dir='ltr' id='par_1_6' title="bbox 306 2454 1269 2665">
     <span class='ocr_line' id='line_1_17' title="bbox 306 2454 1269 2665; baseline -0.001 -20"><span class='ocrx_word' id='word_1_134' title='bbox 306 2578 447 2645; x_wconf 85' lang='lat' dir='ltr'><strong>PATRI</strong></span> <span class='ocrx_word' id='word_1_135' title='bbox 466 2577 640 2665; x_wconf 82' lang='lat' dir='ltr'>JOANNI</span> <span class='ocrx_word' id='word_1_136' title='bbox 666 2454 1007 2647; x_wconf 41' lang='lat' dir='ltr'><strong>Btdgsitlocnu</strong></span> <span class='ocrx_word' id='word_1_137' title='bbox 1032 2579 1093 2647; x_wconf 88' lang='lat' dir='ltr'><strong>EX</strong></span> <span class='ocrx_word' id='word_1_138' title='bbox 1117 2579 1269 2647; x_wconf 86' lang='lat' dir='ltr'>COMM.</span> 
     </span>
    </p>
   </div>
   <div class='ocr_carea' id='block_1_4' title="bbox 601 2693 1054 2763">
    <p class='ocr_par' dir='ltr' id='par_1_7' title="bbox 601 2693 1054 2763">
     <span class='ocr_line' id='line_1_18' title="bbox 601 2693 1054 2763; baseline 0.004 -15"><span class='ocrx_word' id='word_1_139' title='bbox 601 2704 687 2750; x_wconf 76' lang='lat' dir='ltr'><strong>noun</strong></span> <span class='ocrx_word' id='word_1_140' title='bbox 703 2704 737 2747; x_wconf 85' lang='grc' dir='ltr'><strong>ιο</strong></span> <span class='ocrx_word' id='word_1_141' title='bbox 749 2706 858 2749; x_wconf 73' lang='lat' dir='ltr'><strong>ursrrr</strong></span> <span class='ocrx_word' id='word_1_142' title='bbox 874 2706 944 2763; x_wconf 82' lang='lat'><strong>¹554</strong></span> <span class='ocrx_word' id='word_1_143' title='bbox 959 2693 982 2749; x_wconf 85' lang='lat'><strong>¹.</strong></span> <span class='ocrx_word' id='word_1_144' title='bbox 1049 2729 1054 2739; x_wconf 79' lang='lat'><em>·</em></span> 
     </span>
    </p>
   </div>
   <div class='ocr_carea' id='block_1_5' title="bbox 162 2834 1409 3175">
    <p class='ocr_par' dir='ltr' id='par_1_8' title="bbox 162 2834 1409 3175">
     <span class='ocr_line' id='line_1_19' title="bbox 162 2834 1407 2906; baseline -0.001 -16"><span class='ocrx_word' id='word_1_145' title='bbox 162 2834 300 2905; x_wconf 74' lang='lat' dir='ltr'><strong>jubetur</strong></span> <span class='ocrx_word' id='word_1_146' title='bbox 314 2834 521 2889; x_wconf 77' lang='lat' dir='ltr'><strong>valetudinem</strong></span> <span class='ocrx_word' id='word_1_147' title='bbox 537 2834 705 2906; x_wconf 75' lang='lat' dir='ltr'><strong>diligenter</strong></span> <span class='ocrx_word' id='word_1_148' title='bbox 720 2852 844 2891; x_wconf 73' lang='lat' dir='ltr'><strong>curura:</strong></span> <span class='ocrx_word' id='word_1_149' title='bbox 857 2853 912 2891; x_wconf 80' lang='lat' dir='ltr'><strong>rue</strong></span> <span class='ocrx_word' id='word_1_150' title='bbox 925 2838 1011 2906; x_wconf 74' lang='lat' dir='ltr'><strong>putet</strong></span> <span class='ocrx_word' id='word_1_151' title='bbox 1027 2836 1196 2891; x_wconf 77' lang='lat' dir='ltr'><strong>molestiam</strong></span> <span class='ocrx_word' id='word_1_152' title='bbox 1217 2836 1249 2889; x_wconf 83' lang='lat' dir='ltr'><strong>r&#39;n</strong></span> <span class='ocrx_word' id='word_1_153' title='bbox 1262 2836 1319 2890; x_wconf 78' lang='lat' dir='ltr'><strong>hac</strong></span> <span class='ocrx_word' id='word_1_154' title='bbox 1330 2850 1407 2891; x_wconf 80' lang='lat' dir='ltr'><strong>cura</strong></span> 
     </span>
     <span class='ocr_line' id='line_1_20' title="bbox 227 2920 1409 2997; baseline -0.002 -18"><span class='ocrx_word' id='word_1_155' title='bbox 227 2922 372 2979; x_wconf 78' lang='lat' dir='ltr'><strong>Socieluti</strong></span> <span class='ocrx_word' id='word_1_156' title='bbox 384 2940 531 2994; x_wconf 80' lang='lat' dir='ltr'><strong>umquam</strong></span> <span class='ocrx_word' id='word_1_157' title='bbox 544 2920 974 2997; x_wconf 68' lang='lat' dir='ltr'><strong>afferre-Garfagnanam,</strong></span> <span class='ocrx_word' id='word_1_158' title='bbox 987 2925 1015 2979; x_wconf 82' lang='lat' dir='ltr'><strong>ri</strong></span> <span class='ocrx_word' id='word_1_159' title='bbox 1027 2924 1139 2990; x_wconf 78' lang='lat' dir='ltr'><strong>lubeat,</strong></span> <span class='ocrx_word' id='word_1_160' title='bbox 1152 2942 1206 2980; x_wconf 84' lang='lat' dir='ltr'><strong>suo</strong></span> <span class='ocrx_word' id='word_1_161' title='bbox 1218 2930 1351 2997; x_wconf 73' lang='lat' dir='ltr'><strong>tempora</strong></span> <span class='ocrx_word' id='word_1_162' title='bbox 1363 2923 1409 2977; x_wconf 87' lang='lat' dir='ltr'><strong>lu·</strong></span> 
     </span>
     <span class='ocr_line' id='line_1_21' title="bbox 225 3011 1409 3085; baseline 0.003 -21"><span class='ocrx_word' id='word_1_163' title='bbox 225 3012 396 3069; x_wconf 67' lang='lat' dir='ltr'><strong>stret-Da</strong></span> <span class='ocrx_word' id='word_1_164' title='bbox 407 3013 587 3067; x_wconf 76' lang='lat' dir='ltr'><strong>assumendo</strong></span> <span class='ocrx_word' id='word_1_165' title='bbox 599 3011 968 3069; x_wconf 65' lang='lat' dir='ltr'><strong>socru-lustramentum</strong></span> <span class='ocrx_word' id='word_1_166' title='bbox 979 3016 1231 3085; x_wconf 74' lang='lat' dir='ltr'><strong>procuratorium</strong></span> <span class='ocrx_word' id='word_1_167' title='bbox 1244 3016 1272 3068; x_wconf 75' lang='lat' dir='ltr'><strong>al</strong></span> <span class='ocrx_word' id='word_1_168' title='bbox 1286 3012 1409 3068; x_wconf 78' lang='lat' dir='ltr'><strong>litterae</strong></span> 
     </span>
     <span class='ocr_line' id='line_1_22' title="bbox 227 3099 1407 3175; baseline 0.002 -21"><span class='ocrx_word' id='word_1_169' title='bbox 227 3099 491 3159; x_wconf 63' lang='lat' dir='ltr'><strong>minumum-No</strong></span> <span class='ocrx_word' id='word_1_170' title='bbox 503 3104 803 3174; x_wconf 74' lang='lat' dir='ltr'><strong>uerruturrxprusos</strong></span> <span class='ocrx_word' id='word_1_171' title='bbox 814 3102 1024 3159; x_wconf 77' lang='lat' dir='ltr'><strong>convenientes</strong></span> <span class='ocrx_word' id='word_1_172' title='bbox 1030 3100 1181 3175; x_wconf 57' lang='lat' dir='ltr'><strong>sucurre</strong></span> <span class='ocrx_word' id='word_1_173' title='bbox 1189 3102 1296 3159; x_wconf 84' lang='lat' dir='ltr'><strong>Locum</strong></span> <span class='ocrx_word' id='word_1_174' title='bbox 1310 3107 1339 3157; x_wconf 80' lang='lat' dir='ltr'><strong>at</strong></span> <span class='ocrx_word' id='word_1_175' title='bbox 1350 3101 1407 3157; x_wconf 84' lang='lat' dir='ltr'><strong>col·</strong></span> 
     </span>
    </p>
   </div>
   <div class='ocr_carea' id='block_1_6' title="bbox 171 3189 1407 4153">
    <p class='ocr_par' dir='ltr' id='par_1_9' title="bbox 226 3189 1407 3264">
     <span class='ocr_line' id='line_1_23' title="bbox 226 3189 1407 3264; baseline 0.002 -19"><span class='ocrx_word' id='word_1_176' title='bbox 226 3189 341 3263; x_wconf 68' lang='lat' dir='ltr'><strong>logium</strong></span> <span class='ocrx_word' id='word_1_177' title='bbox 354 3190 477 3261; x_wconf 74' lang='lat' dir='ltr'><strong>seligat,</strong></span> <span class='ocrx_word' id='word_1_178' title='bbox 489 3189 542 3245; x_wconf 83' lang='lat' dir='ltr'><strong>ubi</strong></span> <span class='ocrx_word' id='word_1_179' title='bbox 559 3190 669 3246; x_wconf 74' lang='lat' dir='ltr'><strong>melius</strong></span> <span class='ocrx_word' id='word_1_180' title='bbox 680 3208 710 3246; x_wconf 74' lang='lat' dir='ltr'><strong>se</strong></span> <span class='ocrx_word' id='word_1_181' title='bbox 723 3192 804 3247; x_wconf 76' lang='lat' dir='ltr'><strong>uires</strong></span> <span class='ocrx_word' id='word_1_182' title='bbox 821 3194 1072 3261; x_wconf 74' lang='lat' dir='ltr'><strong>recuperaturum</strong></span> <span class='ocrx_word' id='word_1_183' title='bbox 1089 3196 1196 3264; x_wconf 75' lang='lat' dir='ltr'><strong>speret.</strong></span> <span class='ocrx_word' id='word_1_184' title='bbox 1212 3220 1231 3232; x_wconf 90' lang='lat'>-</span> <span class='ocrx_word' id='word_1_185' title='bbox 1244 3191 1345 3246; x_wconf 81' lang='lat' dir='ltr'><strong>Violae</strong></span> <span class='ocrx_word' id='word_1_186' title='bbox 1361 3191 1407 3247; x_wconf 82' lang='lat' dir='ltr'><strong>dr&#39;·</strong></span> 
     </span>
    </p>

    <p class='ocr_par' dir='ltr' id='par_1_10' title="bbox 225 3278 1406 3355">
     <span class='ocr_line' id='line_1_24' title="bbox 225 3278 1406 3355; baseline 0.002 -21"><span class='ocrx_word' id='word_1_187' title='bbox 225 3282 307 3334; x_wconf 80' lang='lat' dir='ltr'><strong>ctum</strong></span> <span class='ocrx_word' id='word_1_188' title='bbox 324 3278 439 3351; x_wconf 75' lang='lat' dir='ltr'><strong>optima</strong></span> <span class='ocrx_word' id='word_1_189' title='bbox 455 3283 606 3335; x_wconf 71' lang='lat' dir='ltr'><strong>autentus</strong></span> <span class='ocrx_word' id='word_1_190' title='bbox 623 3279 931 3353; x_wconf 55' lang='lat' dir='ltr'><strong>corrigit-jubetur</strong></span> <span class='ocrx_word' id='word_1_191' title='bbox 947 3280 990 3335; x_wconf 77' lang='lat' dir='ltr'><strong>ad</strong></span> <span class='ocrx_word' id='word_1_192' title='bbox 1007 3280 1167 3355; x_wconf 76' lang='lat' dir='ltr'><strong>Ignulium</strong></span> <span class='ocrx_word' id='word_1_193' title='bbox 1184 3279 1406 3337; x_wconf 63' lang='lat' dir='ltr'><strong>scribere-Da</strong></span> 
     </span>
    </p>

    <p class='ocr_par' dir='ltr' id='par_1_11' title="bbox 226 3366 1407 3443">
     <span class='ocr_line' id='line_1_25' title="bbox 226 3366 1407 3443; baseline 0.003 -22"><span class='ocrx_word' id='word_1_194' title='bbox 226 3366 315 3423; x_wconf 76' lang='lat' dir='ltr'><strong>sociis</strong></span> <span class='ocrx_word' id='word_1_195' title='bbox 330 3366 453 3441; x_wconf 77' lang='lat' dir='ltr'><strong>joanne</strong></span> <span class='ocrx_word' id='word_1_196' title='bbox 475 3368 609 3423; x_wconf 76' lang='lat' dir='ltr'><strong>Antonio</strong></span> <span class='ocrx_word' id='word_1_197' title='bbox 632 3373 662 3423; x_wconf 79' lang='lat' dir='ltr'><strong>et</strong></span> <span class='ocrx_word' id='word_1_198' title='bbox 691 3368 985 3427; x_wconf 67' lang='lat' dir='ltr'><strong>Thetideum-Post</strong></span> <span class='ocrx_word' id='word_1_199' title='bbox 1005 3370 1407 3443; x_wconf 67' lang='lat' dir='ltr'><strong>scriptum-Dispensarto</strong></span> 
     </span>
    </p>

    <p class='ocr_par' dir='ltr' id='par_1_12' title="bbox 225 3455 895 3529">
     <span class='ocr_line' id='line_1_26' title="bbox 225 3455 895 3529; baseline 0.004 -16"><span class='ocrx_word' id='word_1_200' title='bbox 225 3459 310 3513; x_wconf 78' lang='lat' dir='ltr'><strong>eirca</strong></span> <span class='ocrx_word' id='word_1_201' title='bbox 321 3456 410 3524; x_wconf 80' lang='lat' dir='ltr'><strong>cibor,</strong></span> <span class='ocrx_word' id='word_1_202' title='bbox 416 3456 540 3527; x_wconf 80' lang='lat' dir='ltr'><strong>jejunia</strong></span> <span class='ocrx_word' id='word_1_203' title='bbox 554 3462 583 3513; x_wconf 78' lang='lat' dir='ltr'><strong>et</strong></span> <span class='ocrx_word' id='word_1_204' title='bbox 595 3455 729 3529; x_wconf 81' lang='lat' dir='ltr'><strong>officium</strong></span> <span class='ocrx_word' id='word_1_205' title='bbox 742 3459 895 3516; x_wconf 80' lang='lat' dir='ltr'><strong>diviuum.</strong></span> 
     </span>
    </p>

    <p class='ocr_par' dir='ltr' id='par_1_13' title="bbox 244 3599 389 3672">
     <span class='ocr_line' id='line_1_27' title="bbox 244 3599 389 3672; baseline 0.014 -5"><span class='ocrx_word' id='word_1_206' title='bbox 244 3602 316 3669; x_wconf 83' lang='lat' dir='ltr'><strong>Pax</strong></span> <span class='ocrx_word' id='word_1_207' title='bbox 332 3599 389 3672; x_wconf 56' lang='lat' dir='ltr'><strong>X?</strong></span> 
     </span>
    </p>

    <p class='ocr_par' dir='ltr' id='par_1_14' title="bbox 241 3716 721 3784">
     <span class='ocr_line' id='line_1_28' title="bbox 241 3716 721 3784; baseline 0 0"><span class='ocrx_word' id='word_1_208' title='bbox 241 3716 452 3784; x_wconf 88' lang='lat' dir='ltr'><strong>Charissimo</strong></span> <span class='ocrx_word' id='word_1_209' title='bbox 463 3717 499 3782; x_wconf 91' lang='lat' dir='ltr'><strong>in</strong></span> <span class='ocrx_word' id='word_1_210' title='bbox 515 3718 581 3784; x_wconf 83' lang='lat' dir='ltr'><strong>X.⁰</strong></span> <span class='ocrx_word' id='word_1_211' title='bbox 598 3717 721 3784; x_wconf 89' lang='lat' dir='ltr'><strong>Padre.</strong></span> 
     </span>
    </p>

    <p class='ocr_par' dir='ltr' id='par_1_15' title="bbox 240 3832 1401 3921">
     <span class='ocr_line' id='line_1_29' title="bbox 240 3832 1401 3921; baseline 0 -20"><span class='ocrx_word' id='word_1_212' title='bbox 240 3832 474 3901; x_wconf 90' lang='lat' dir='ltr'><strong>Riceuessimo</strong></span> <span class='ocrx_word' id='word_1_213' title='bbox 490 3835 602 3921; x_wconf 90' lang='lat' dir='ltr'><strong>quella</strong></span> <span class='ocrx_word' id='word_1_214' title='bbox 618 3834 653 3900; x_wconf 94' lang='lat' dir='ltr'><strong>di</strong></span> <span class='ocrx_word' id='word_1_215' title='bbox 671 3854 691 3918; x_wconf 85' lang='lat'>3</span> <span class='ocrx_word' id='word_1_216' title='bbox 707 3834 762 3901; x_wconf 88' lang='lat' dir='ltr'><strong>del</strong></span> <span class='ocrx_word' id='word_1_217' title='bbox 775 3846 945 3920; x_wconf 89' lang='lat' dir='ltr'><strong>presente,</strong></span> <span class='ocrx_word' id='word_1_218' title='bbox 963 3834 1028 3901; x_wconf 88' lang='lat' dir='ltr'><strong>alla</strong></span> <span class='ocrx_word' id='word_1_219' title='bbox 1040 3834 1141 3919; x_wconf 87' lang='lat' dir='ltr'><strong>quale</strong></span> <span class='ocrx_word' id='word_1_220' title='bbox 1158 3834 1231 3900; x_wconf 79' lang='lat' dir='ltr'><strong>sard</strong></span> <span class='ocrx_word' id='word_1_221' title='bbox 1243 3832 1401 3921; x_wconf 88' lang='lat' dir='ltr'><strong>risposta.</strong></span> 
     </span>
    </p>

    <p class='ocr_par' dir='ltr' id='par_1_16' title="bbox 171 3948 1405 4153">
     <span class='ocr_line' id='line_1_30' title="bbox 240 3948 1403 4037; baseline 0.001 -22"><span class='ocrx_word' id='word_1_222' title='bbox 240 3950 284 4015; x_wconf 90' lang='lat' dir='ltr'><strong>Et</strong></span> <span class='ocrx_word' id='word_1_223' title='bbox 301 3948 420 4035; x_wconf 84' lang='lat' dir='ltr'><strong>prima,</strong></span> <span class='ocrx_word' id='word_1_224' title='bbox 439 3950 481 4015; x_wconf 91' lang='lat' dir='ltr'><strong>V.</strong></span> <span class='ocrx_word' id='word_1_225' title='bbox 505 3950 546 4017; x_wconf 88' lang='lat' dir='ltr'><strong>R.</strong></span> <span class='ocrx_word' id='word_1_226' title='bbox 566 3950 670 4037; x_wconf 87' lang='lat' dir='ltr'><strong>perda</strong></span> <span class='ocrx_word' id='word_1_227' title='bbox 690 3950 722 4017; x_wconf 88' lang='lat' dir='ltr'><strong>la</strong></span> <span class='ocrx_word' id='word_1_228' title='bbox 739 3950 896 4018; x_wconf 89' lang='lat' dir='ltr'><strong>molestia</strong></span> <span class='ocrx_word' id='word_1_229' title='bbox 918 3972 939 4016; x_wconf 95' lang='lat'>0</span> <span class='ocrx_word' id='word_1_230' title='bbox 961 3948 1098 4017; x_wconf 82' lang='lat' dir='ltr'><strong>fastidio</strong></span> <span class='ocrx_word' id='word_1_231' title='bbox 1114 3952 1179 4017; x_wconf 88' lang='lat' dir='ltr'><strong>che</strong></span> <span class='ocrx_word' id='word_1_232' title='bbox 1200 3960 1329 4016; x_wconf 89' lang='lat' dir='ltr'><strong>mostra</strong></span> <span class='ocrx_word' id='word_1_233' title='bbox 1345 3952 1403 4017; x_wconf 88' lang='lat' dir='ltr'><strong>ha·</strong></span> 
     </span>
     <span class='ocr_line' id='line_1_31' title="bbox 171 4063 1405 4153; baseline -0.002 -20"><span class='ocrx_word' id='word_1_234' title='bbox 171 4087 247 4146; x_wconf 88' lang='lat' dir='ltr'><strong>uer,</strong></span> <span class='ocrx_word' id='word_1_235' title='bbox 266 4065 444 4151; x_wconf 86' lang='lat' dir='ltr'><strong>pensando</strong></span> <span class='ocrx_word' id='word_1_236' title='bbox 460 4065 493 4131; x_wconf 93' lang='lat' dir='ltr'><strong>lo</strong></span> <span class='ocrx_word' id='word_1_237' title='bbox 508 4063 565 4131; x_wconf 88' lang='lat' dir='ltr'><strong>dia</strong></span> <span class='ocrx_word' id='word_1_238' title='bbox 580 4065 646 4132; x_wconf 89' lang='lat' dir='ltr'><strong>alla</strong></span> <span class='ocrx_word' id='word_1_239' title='bbox 662 4065 877 4153; x_wconf 87' lang='lat' dir='ltr'><strong>Compagnia</strong></span> <span class='ocrx_word' id='word_1_240' title='bbox 892 4076 1022 4146; x_wconf 89' lang='lat' dir='ltr'><strong>nostra;</strong></span> <span class='ocrx_word' id='word_1_241' title='bbox 1042 4076 1076 4131; x_wconf 90' lang='lat' dir='ltr'><strong>et</strong></span> <span class='ocrx_word' id='word_1_242' title='bbox 1093 4076 1199 4151; x_wconf 86' lang='lat' dir='ltr'><strong>tenga</strong></span> <span class='ocrx_word' id='word_1_243' title='bbox 1217 4076 1324 4144; x_wconf 89' lang='lat' dir='ltr'><strong>cert0,</strong></span> <span class='ocrx_word' id='word_1_244' title='bbox 1339 4067 1405 4132; x_wconf 85' lang='lat' dir='ltr'><strong>che</strong></span> 
     </span>
    </p>
   </div>
   <div class='ocr_carea' id='block_1_7' title="bbox 170 4178 1401 4267">
    <p class='ocr_par' dir='ltr' id='par_1_17' title="bbox 170 4178 1401 4267">
     <span class='ocr_line' id='line_1_32' title="bbox 170 4178 1401 4267; baseline -0.002 -19"><span class='ocrx_word' id='word_1_245' title='bbox 170 4180 214 4249; x_wconf 73' lang='lat' dir='ltr'><strong>ne</strong></span> <span class='ocrx_word' id='word_1_246' title='bbox 231 4180 276 4250; x_wconf 92' lang='lat' dir='ltr'><strong>de</strong></span> <span class='ocrx_word' id='word_1_247' title='bbox 291 4202 402 4267; x_wconf 83' lang='lat' dir='ltr'><strong>spese,</strong></span> <span class='ocrx_word' id='word_1_248' title='bbox 421 4181 464 4247; x_wconf 73' lang='lat' dir='ltr'><strong>ne</strong></span> <span class='ocrx_word' id='word_1_249' title='bbox 481 4182 523 4248; x_wconf 88' lang='lat' dir='ltr'><strong>de</strong></span> <span class='ocrx_word' id='word_1_250' title='bbox 539 4180 667 4249; x_wconf 81' lang='lat' dir='ltr'><strong>fatiche</strong></span> <span class='ocrx_word' id='word_1_251' title='bbox 690 4202 758 4246; x_wconf 92' lang='lat' dir='ltr'><strong>non</strong></span> <span class='ocrx_word' id='word_1_252' title='bbox 778 4180 985 4250; x_wconf 75' lang='lat' dir='ltr'><strong>rincrescerd</strong></span> <span class='ocrx_word' id='word_1_253' title='bbox 1003 4178 1070 4247; x_wconf 90' lang='lat' dir='ltr'><strong>mai</strong></span> <span class='ocrx_word' id='word_1_254' title='bbox 1090 4180 1156 4247; x_wconf 88' lang='lat' dir='ltr'><strong>alla</strong></span> <span class='ocrx_word' id='word_1_255' title='bbox 1175 4178 1401 4267; x_wconf 86' lang='lat' dir='ltr'><strong>Compagnia;</strong></span> 
     </span>
    </p>
   </div>
   <div class='ocr_carea' id='block_1_8' title="bbox 171 4410 1405 4575">
    <p class='ocr_par' dir='ltr' id='par_1_18' title="bbox 171 4410 1405 4575">
     <span class='ocr_line' id='line_1_33' title="bbox 225 4410 1405 4484; baseline -0.002 -17"><span class='ocrx_word' id='word_1_256' title='bbox 225 4416 240 4456; x_wconf 75' lang='lat' dir='ltr'>b</span> <span class='ocrx_word' id='word_1_257' title='bbox 277 4412 419 4467; x_wconf 81' lang='lat' dir='ltr'><strong>ciuitatue</strong></span> <span class='ocrx_word' id='word_1_258' title='bbox 429 4419 461 4466; x_wconf 91' lang='lat' dir='ltr'><strong>et</strong></span> <span class='ocrx_word' id='word_1_259' title='bbox 477 4410 596 4467; x_wconf 78' lang='lat' dir='ltr'><strong>distritu</strong></span> <span class='ocrx_word' id='word_1_260' title='bbox 613 4411 776 4483; x_wconf 74' lang='lat' dir='ltr'><strong>permensis</strong></span> <span class='ocrx_word' id='word_1_261' title='bbox 794 4428 850 4469; x_wconf 81' lang='lat' dir='ltr'><strong>ms.</strong></span> <span class='ocrx_word' id='word_1_262' title='bbox 888 4425 937 4455; x_wconf 64' lang='grc' dir='ltr'><strong>-ο</strong></span> <span class='ocrx_word' id='word_1_263' title='bbox 957 4410 1174 4484; x_wconf 84' lang='lat' dir='ltr'><strong>pretinentibus</strong></span> <span class='ocrx_word' id='word_1_264' title='bbox 1191 4428 1247 4471; x_wconf 85' lang='lat' dir='ltr'><strong>ms.</strong></span> <span class='ocrx_word' id='word_1_265' title='bbox 1287 4413 1405 4466; x_wconf 82' lang='lat' dir='ltr'><strong>-dex-</strong></span> 
     </span>
     <span class='ocr_line' id='line_1_34' title="bbox 171 4500 598 4575; baseline 0.007 -18"><span class='ocrx_word' id='word_1_266' title='bbox 171 4500 261 4575; x_wconf 88' lang='lat' dir='ltr'><strong>pendi</strong></span> <span class='ocrx_word' id='word_1_267' title='bbox 276 4518 331 4559; x_wconf 81' lang='lat' dir='ltr'><strong>ms.</strong></span> <span class='ocrx_word' id='word_1_268' title='bbox 371 4516 418 4545; x_wconf 73' lang='lat' dir='ltr'><strong>-e</strong></span> <span class='ocrx_word' id='word_1_269' title='bbox 437 4500 598 4560; x_wconf 80' lang='lat' dir='ltr'><strong>hubesms.</strong></span> 
     </span>
    </p>
   </div>
   <div class='ocr_carea' id='block_1_9' title="bbox 223 4714 750 4789">
    <p class='ocr_par' dir='ltr' id='par_1_19' title="bbox 223 4714 750 4789">
     <span class='ocr_line' id='line_1_35' title="bbox 223 4714 750 4789; baseline 0 -16"><span class='ocrx_word' id='word_1_270' title='bbox 223 4717 233 4750; x_wconf 90' lang='lat'><strong>¹</strong></span> <span class='ocrx_word' id='word_1_271' title='bbox 272 4717 317 4773; x_wconf 83' lang='lat' dir='ltr'><strong>Ex</strong></span> <span class='ocrx_word' id='word_1_272' title='bbox 329 4714 433 4772; x_wconf 85' lang='lat' dir='ltr'><strong>codice</strong></span> <span class='ocrx_word' id='word_1_273' title='bbox 447 4716 568 4789; x_wconf 67' lang='grc' dir='ltr'><strong>Καμεὶ.</strong></span> <span class='ocrx_word' id='word_1_274' title='bbox 583 4716 626 4782; x_wconf 85' lang='lat'><strong>11,</strong></span> <span class='ocrx_word' id='word_1_275' title='bbox 639 4716 690 4773; x_wconf 77' lang='lat' dir='ltr'><strong>iol.</strong></span> <span class='ocrx_word' id='word_1_276' title='bbox 703 4714 750 4786; x_wconf 67' lang='lat'><strong>67.</strong></span> 
     </span>
    </p>
   </div>
   <div class='ocr_carea' id='block_1_10' title="bbox 0 0 1788 5409">
    <p class='ocr_par' dir='ltr' id='par_1_20' title="bbox 0 0 1788 5409">
     <span class='ocr_line' id='line_1_36' title="bbox 0 0 1788 5409; baseline 0 0"><span class='ocrx_word' id='word_1_277' title='bbox 0 0 1788 5409; x_wconf 95' lang='lat' dir='ltr'><strong> </strong></span> 
     </span>
    </p>
   </div>
  </div>
 </body>
</html>
