3567 5409
545 502 648 558 Eersr.
669 502 750 571 4289.
766 514 824 571 -19
843 503 959 572 Maarrr
980 516 1048 573 1554
1325 520 1377 577 497

178 650 205 716 il
220 652 260 718 P.
276 654 379 720 Mtro.
399 654 549 738 Laynez‚
567 655 602 721 lo
616 652 703 734 diriu
720 664 757 722 et
769 676 828 740 per
844 657 925 740 quel
943 666 1057 743 tempo
1073 658 1246 725 crediamo
1266 682 1414 729 seranno

177 777 349 835 assettate
364 769 397 837 le
411 789 493 837 cose
508 780 625 838 nostre
642 782 772 856 quanto
787 772 853 838 alla
868 792 952 838 cura
964 772 1008 841 de
1020 773 1124 858 quelli
1140 774 1285 859 parenti,
1300 787 1366 843 etc.
1386 780 1411 845 ¹.

249 885 330 952 Non
345 886 445 965 altro,
464 886 725 953 remettendomi
741 886 773 953 al
790 898 974 973 portatore,
989 910 1027 957 se
1038 910 1107 955 non
1120 891 1185 958 che
1197 891 1253 957 all'
1267 892 1413 960 orationi

177 1000 273 1067 della
295 999 427 1069 charita
446 1012 563 1068 vostra
585 1003 692 1068 molto
711 1002 743 1068 ci
765 1004 1071 1071 raceomandiamo.
1094 1005 1153 1075 Sia
1168 1009 1252 1094 Jesn
1274 1008 1415 1077 Christo

178 1136 250 1183 con
267 1116 363 1187 tutti.

249 1232 296 1299 Di
312 1234 424 1299 Roma
444 1250 484 1320 19
499 1234 542 1300 de
559 1233 677 1301 Marzo
693 1250 790 1317 1554.
1218 1294 1227 1315 ,

250 1349 446 1432 lmcriptio.
466 1349 498 1415 A
516 1350 642 1416 Lucca.
662 1350 695 1416 A
713 1352 815 1417 Mtro.
835 1349 953 1417 Pietro
968 1350 1112 1419 Sentino
1134 1350 1219 1443 [niel
1340 1380 1341 1385 ¹

745 1537 853 1620 4289

475 1670 755 1737 cunctae
795 1670 1125 1757 usumque

603 1807 692 1851 nous
708 1806 741 1864 19
757 1808 867 1851 usam
887 1808 954 1867 ¹554
973 1796 994 1853 ¹.

650 1929 788 2001 Epistola
807 1928 952 2001 officiosa.

252 2094 336 2177 Muy
348 2092 416 2160 ΙΙΙ.ο
432 2091 478 2157 mi
494 2094 621 2159 senor·
639 2114 683 2160 en
699 2092 732 2159 el
748 2093 860 2161 Sertor
876 2104 1028 2160 nuestro.

251 2209 301 2275 La
315 2228 450 2274 summa
465 2206 584 2293 gracia
598 2229 620 2293 y
636 2229 733 2275 amor
750 2226 870 2276 eremo
885 2209 930 2276 de
946 2208 1011 2275 X.⁶
1029 2210 1071 2276 N.
1092 2211 1126 2279 S.
1142 2212 1262 2278 salude
1278 2234 1301 2298 y
1318 2212 1417 2283 visite

179 2330 201 2391 a
220 2325 263 2391 V.
282 2324 371 2392 Sria.
389 2343 455 2390 con
471 2344 531 2390 sus
545 2323 741 2391 santisimos
756 2325 864 2391 dones
879 2347 902 2410 y
918 2324 1053 2411 gracias
1073 2325 1280 2413 spirituales.

250 2442 400 2526 Aunque
415 2441 459 2508 de
476 2444 520 2506 mi
537 2450 643 2525 tenga
658 2441 702 2507 V.
721 2440 811 2508 Stia.
833 2461 922 2525 poca
942 2446 964 2509 ό
986 2440 1143 2528 ninguna
1166 2442 1298 2524 notitia,
1317 2447 1417 2513 offre-

179 2555 344 2623 ziendose
359 2557 402 2625 de
417 2554 540 2641 ynbiar
554 2556 585 2623 el
603 2557 664 2622 Dr.
688 2556 813 2637 Olane,
831 2562 852 2623 a
868 2556 1034 2623 instantia
1055 2558 1110 2625 del
1133 2560 1231 2625 Rmo.
1251 2561 1354 2628 Card.
1374 2562 1418 2630 de

179 2672 362 2751 Mendoza‚
381 2672 594 2741 enderezado
609 2676 630 2736 a
647 2672 691 2740 V.
709 2672 797 2739 Srla.
817 2693 899 2758 para
911 2674 945 2739 lo
957 2693 1025 2757 que
1037 2674 1068 2739 el
1081 2694 1211 2740 mesmo
1223 2675 1266 2741 de
1279 2675 1418 2761 palabra

179 2788 267 2867 dira,
286 2788 384 2873 quise
398 2807 465 2853 con
481 2800 555 2855 esta
572 2786 689 2853 visitat
705 2810 727 2872 y
743 2788 932 2856 olrezerme
953 2789 985 2853 al
1007 2788 1154 2855 seruicio
1175 2790 1218 2856 de
1241 2792 1283 2859 V.
1309 2794 1415 2875 Stia,

237 3048 249 3080 ¹
286 3046 333 3105 cr,
348 3046 448 3118 Epist.
464 3046 589 3111 natae,
606 3046 656 3115 rv,
672 3042 736 3103 231.

237 3198 244 3227 ¹
285 3199 328 3252 Ex
337 3197 440 3253 codice
450 3198 569 3269 Regsst.
580 3196 762 3266 11,f01.73v‚
775 3197 807 3252 P.
818 3196 940 3253 Polanci
951 3199 1210 3266 manue-Curias,
1224 3218 1253 3255 n.
1264 3200 1415 3261 CCCCLl.

234 3294 246 3321 ¹
282 3288 324 3344 Ut
342 3288 414 3342 haec
431 3295 462 3340 et
479 3294 639 3358 sequentes
659 3285 739 3341 circa
754 3288 833 3341 hunc
850 3286 947 3342 virum
965 3286 1108 3359 epistolae
1127 3288 1330 3359 intelligantur
1348 3308 1417 3362 prae

180 3377 276 3433 oculis
288 3384 358 3431 sunt
374 3375 510 3432 habenda
526 3390 603 3447 quae
621 3384 719 3430 narrat
736 3375 920 3446 poraneus,
941 3374 1066 3440 Clrrnrr„
1084 3376 1136 3447 IV,
1157 3376 1284 3447 139·141;
1303 3396 1341 3435 ex
1358 3398 1417 3453 quo

179 3469 253 3521 haec
262 3465 349 3537 juvat
361 3482 532 3536 excerpere:
548 3464 640 3521 «Cum
653 3462 819 3519 Cardinalis
833 3464 996 3536 Burgensis
1008 3466 1102 3520 Roma
1115 3466 1145 3521 in
1159 3465 1329 3522 Interiorem
1344 3468 1416 3525 Ger-

181 3545 343 3613 maniam...
356 3573 390 3610 ae
401 3554 560 3626 conferret,
574 3554 725 3609 Placentia
739 3554 897 3623 transiens,
915 3551 1018 3609 invisit
1037 3555 1075 3612 D.
1095 3555 1232 3611 Garziam
1251 3556 1415 3631 Maurique,

180 3643 267 3715 cujus
279 3660 353 3700 uxor
366 3652 429 3699 erat
443 3642 494 3699 D.⁸
508 3643 633 3698 lsabella
645 3643 683 3697 de
697 3642 851 3713 BriseguO,
865 3660 941 3715 quae
955 3652 1058 3715 postea
1075 3644 1112 3697 ad
1130 3644 1296 3699 haereticos
1314 3655 1416 3717 aperte

181 3733 326 3792 deiecit...
340 3732 467 3805 Scripsit
479 3747 551 3803 ergo
564 3732 597 3787 P.
612 3732 728 3802 Ignatio
740 3740 771 3786 et
785 3731 867 3787 misit
883 3732 1040 3803 quemdam
1058 3748 1096 3787 ex
1114 3731 1177 3787 suis
1194 3731 1366 3790 domesticis
1385 3746 1418 3791 ut

181 3825 275 3878 verbo
288 3824 345 3895 ipsi
357 3823 519 3896 explicaret
534 3821 613 3894 quod
630 3820 738 3876 litteris
753 3820 998 3877 committendum
1016 3838 1074 3877 non
1088 3831 1163 3893 erat,
1177 3830 1207 3876 et
1220 3821 1338 3878 demum
1353 3842 1417 3879 ma-

181 3929 313 3984 gnopere
326 3928 394 3968 eum
407 3913 530 3982 rogabat
543 3918 576 3966 ut
588 3912 626 3970 D.
641 3908 780 3967 Olavium
791 3910 971 3965 Planentiam
985 3910 1022 3965 ad
1035 3911 1073 3967 D.
1087 3910 1223 3967 Garziam
1234 3912 1417 3985 Mauriquern

181 4002 328 4073 sanguine
339 4002 529 4071 conjunctum
543 3999 708 4059 mitteret...
723 3997 867 4068 Quamvis
879 4015 952 4071 ergo
965 4000 995 4055 in
1008 3998 1144 4070 Collegio
1156 4000 1289 4056 Romano
1302 4002 1335 4057 P.
1350 4000 1418 4059 Ola-

182 4108 220 4147 νο
233 4090 306 4147 satis
318 4090 431 4146 utiliter
442 4098 524 4145 esset
536 4097 707 4160 occupatus,
718 4088 865 4160 judicavit
876 4088 909 4146 P.
920 4087 1053 4159 Ignatius
1064 4087 1212 4145 Cardinali
1223 4089 1260 4144 ad
1270 4090 1325 4145 hoc
1336 4092 1417 4162 pium

180 4198 258 4254 opus
269 4178 509 4235 ntiaficiendum
520 4194 598 4233 esee.
613 4176 751 4233 Pontifex
763 4178 854 4233 etiarn
866 4176 1006 4233 Summus
1020 4178 1111 4250 [eum]
1125 4178 1300 4235 auctoritate
1311 4197 1363 4235 sua
1374 4180 1418 4236 in·

179 4278 325 4326 structum
339 4278 372 4324 ut
383 4269 534 4324 Ecclesiae
544 4267 707 4323 catholicae
717 4275 849 4322 errantes
857 4285 874 4321 a
883 4266 942 4322 fide
952 4277 1053 4339 posset
1063 4268 1262 4339 reconciliare,
1275 4268 1417 4329 dimisit.»

182 4360 273 4415 Porro
285 4358 409 4415 Garoias
422 4358 574 4430 Maurique
585 4355 624 4411 de
637 4355 779 4411 Mendoza
792 4364 856 4412 erat
869 4354 958 4411 irater
976 4356 1081 4411 Didaci
1099 4356 1234 4412 Hurtado
1247 4356 1284 4413 de
1298 4357 1417 4415 Mendo·

182 4465 229 4515 aa,
244 4446 419 4503 marchionis
432 4448 446 4501 l
458 4445 496 4501 de
508 4446 634 4514 Carere,
656 4454 778 4516 patruus
797 4444 913 4501 scilicet
925 4444 1082 4501 cardinalis
1095 4444 1253 4516 burgensis
1268 4446 1418 4505 Francisci

182 4538 221 4593 de
234 4536 388 4593 Mendoza:
403 4538 459 4591 αἱ).
471 4536 579 4592 Gareia
589 4535 743 4607 Maurique
751 4533 789 4589 de
799 4534 954 4605 Mendosa‚
966 4535 1114 4590 caballero
1126 4533 1174 4591 del
1185 4534 1287 4590 habito
1295 4533 1333 4591 de
1345 4536 1417 4593 San·

182 4628 272 4698 tuga,
288 4625 373 4698 virey
385 4626 423 4681 de
441 4627 485 4680 los
504 4625 651 4695 abruma,
668 4623 854 4694 gobernador
871 4624 909 4679 de
928 4623 1032 4678 Parma
1050 4640 1069 4693 y
1090 4622 1255 4691 Planencia,
1271 4640 1291 4695 y
1310 4642 1417 4698 esposo

180 4714 219 4771 de
231 4716 284 4773 D.⁸
295 4716 391 4770 lsabel
406 4715 560 4770 Bricetlo.»
578 4714 717 4783 BunGOS,
733 4713 849 4767 Blason
863 4714 900 4767 de
914 4712 1053 4785 Experto,
1068 4712 1105 4783 11,
1122 4724 1183 4782 147.

321 4812 423 4857 Morus.
438 4812 657 4863 tonsu-uem..
672 4821 731 4856 ros.
747 4809 794 4853 Vl.
1283 4810 1311 4853 32
