3567 5409
488 439 593 503 Errsr.
614 437 957 509 ὄψι-9030311335
977 436 1045 507 1553
1311 435 1347 506 35

164 594 253 662 uoler
265 594 334 659 dar'
353 615 421 661 una
437 614 517 661 casa
533 596 577 661 ne
593 593 709 661 chiesa
719 564 814 661 'doue
830 593 932 662 stessi
948 593 972 659 il
987 592 1135 679 collegio
1151 605 1282 671 nostro,
1297 612 1383 659 eon·
1489 585 1494 594 ’

162 708 324 775 ciosiache
344 707 379 775 in
402 709 480 775 altri
503 710 623 797 luoghi
649 711 681 776 la
706 710 923 797 Compagnia
944 720 1060 775 nostra
1083 711 1104 776 e
1128 708 1293 783 ricercata
1316 728 1384 774 con

160 846 248 905 ease,
264 824 378 892 chiese
394 836 429 893 et
445 824 598 907 intrante,
615 839 650 893 et
666 826 736 893 non
754 827 831 893 uole
847 846 966 913 spesse
984 826 1077 892 uolte
1093 826 1289 905 accettarle,
1313 834 1349 891 et
1366 846 1387 891 a

163 952 277 1025 questo
292 952 413 1009 tenore
428 942 506 1009 dica
521 940 579 1029 pis
596 942 711 1027 quello
727 945 792 1010 che
807 942 831 1008 li
848 963 944 1028 pare.

225 1055 268 1123 Di
281 1058 390 1123 Roma
406 1080 429 1145 9
444 1058 480 1123 di
495 1058 688 1127 Decembre
709 1074 807 1143 1553.

226 1174 267 1239 V.
284 1175 322 1240 R.
343 1174 452 1241 faccia
468 1175 540 1240 sare
555 1174 721 1254 oratione,
741 1196 778 1241 se
796 1195 864 1241 non
881 1176 905 1239 1¹
923 1176 967 1241 ha
984 1174 1085 1254 fatte,
1102 1194 1162 1259 per
1178 1174 1200 1237 l'
1215 1171 1329 1238 anima
1344 1172 1389 1239 de

165 1291 260 1357 Mtro.
279 1290 429 1358 Cessero
447 1292 458 1325 ⁸
475 1313 496 1359 e
511 1311 572 1376 per
588 1292 620 1358 la
635 1290 747 1357 sanita
764 1291 819 1360 del
837 1291 950 1359 Padre
964 1290 1156 1359 comisatio.

226 1407 422 1493 Imcriptio.
441 1406 486 1473 Al
502 1408 690 1475 medesimo
706 1407 760 1495 [P.
782 1406 989 1499 Pelletario].

356 1692 497 1759 PATRI
521 1569 933 1761 CAESAR13Iii2iM10
957 1694 1021 1759 EX
1045 1692 1199 1761 COMM.

564 1820 653 1863 nour
667 1819 877 1876 ooscsnssrs
893 1805 962 1877 1553
976 1807 996 1865 ¹.

168 1930 228 1985 Pro
250 1929 381 1987 Caesare
403 1933 560 1987 Avorrano
578 1932 644 1988 vita
656 1932 778 2005 functo,
794 1936 822 1989 et
849 1933 935 1989 Violo
954 1933 1058 1987 morbo
1076 1934 1280 2000 decumbente,
1295 1938 1399 2005 preces

210 2018 565 2093 fundantur.-Jubetur
583 2022 671 2077 sociis
686 2024 860 2093 providere,
879 2039 916 2077 ne
932 2023 1008 2094 ipris
1024 2023 1196 2079 necessario
1207 2022 1401 2079 desine-Dr

217 2110 422 2165 moderatione
433 2111 466 2164 ir
475 2110 730 2183 disputationibus
739 2108 1034 2169 servande-Curat
1043 2130 1081 2167 ne
1091 2111 1190 2167 nimio
1199 2110 1402 2185 laboresoon·

217 2214 268 2253 nes
281 2197 434 2254 Antonius
445 2200 654 2271 opprimatur:
666 2202 699 2256 in
712 2200 900 2257 declaranda
913 2202 1054 2257 doctrino
1066 2202 1235 2257 christiana
1249 2202 1326 2257 libro
1344 2200 1402 2255 ali·

217 2304 273 2359 quo
282 2287 461 2358 adjuvetur.
473 2289 545 2345 -De
559 2288 717 2346 SocietaHs
729 2290 905 2345 candidato.
913 2290 992 2347 -Ex
1004 2289 1143 2346 romanis
1154 2292 1244 2347 sociis
1257 2290 1356 2362 aliqui
1368 2290 1402 2346 in
1509 2319 1515 2333 ·

217 2376 344 2450 collegio
356 2378 713 2451 aegrotant-Timum
726 2395 764 2434 no
779 2378 982 2435 Galvonellus
995 2380 1110 2436 diutius
1123 2381 1156 2434 ἐκ
1177 2379 1262 2435 Vallo
1283 2379 1403 2435 Tellirro

218 2471 401 2525 remoretur:
414 2471 536 2523 moneat
549 2468 691 2523 Halmius
702 2468 730 2522 si
742 2468 810 2539 quis
822 2486 859 2525 ex
871 2469 936 2523 suis
948 2469 1078 2525 subditis
1093 2470 1234 2525 sacerdos
1245 2468 1322 2542 fieri
1338 2472 1404 2540 ρω-

217 2554 392 2611 site-Dum
419 2556 505 2612 Violo
525 2560 679 2631 aegrotat,
700 2576 761 2614 non
780 2559 822 2613 ad
841 2558 932 2613 illum
949 2558 987 2613 de
1009 2559 1139 2633 negotiis
1154 2560 1207 2614 sal
1225 2558 1266 2613 od
1292 2556 1402 2614 Urbem

223 2645 347 2703 scribat.

730 2764 831 2907 Jhiis.

239 2952 314 3017 Pax
330 2950 474 3023 Christi.

237 3067 353 3133 Credo
375 3068 502 3135 haueri
527 3069 569 3137 V.
597 3071 637 3137 R.
662 3068 773 3137 inteso
797 3070 828 3137 la
853 3080 963 3137 morte
987 3070 1044 3139 del
1066 3066 1108 3136 P.
1136 3072 1239 3139 Mtro.
1258 3070 1407 3137 Cessare

173 3182 352 3250 Aversano
368 3194 394 3264 ⁸,
414 3184 576 3253 mandato
591 3206 611 3251 a
628 3186 776 3255 Modena
792 3206 852 3271 per
869 3194 1006 3253 retrore.
1030 3186 1109 3252 Non
1131 3185 1294 3253 hauendo
1310 3185 1409 3252 datto

172 3298 294 3367 ordine
308 3299 338 3367 si
355 3298 478 3369 secessi
494 3301 517 3367 1¹
535 3298 689 3367 oratione
705 3310 872 3369 consueta
888 3322 951 3387 per
963 3300 1024 3381 lui,
1044 3300 1148 3368 ledia
1164 3301 1209 3369 V.
1229 3302 1286 3380 R.,
1301 3310 1336 3367 et
1349 3323 1409 3367 an·

173 3419 241 3483 che
257 3436 320 3501 per
336 3416 359 3482 il
377 3417 488 3485 Padre
504 3416 695 3497 comiserio‚
713 3417 736 3483 il
753 3418 853 3503 quale
869 3427 923 3483 sta
944 3417 1050 3483 molto
1069 3418 1171 3498 male,
1195 3428 1230 3486 et
1252 3416 1287 3484 in
1310 3416 1411 3484 letica

177 3536 213 3601 lo
231 3536 322 3599 hano
338 3543 462 3599 cauato
478 3532 513 3598 di
530 3534 690 3602 Modena.

242 3644 350 3709 Forsa
366 3642 496 3709 hauere
512 3642 555 3709 V.
576 3644 616 3709 R.
636 3643 769 3708 hauuto
786 3642 901 3726 quello
917 3640 1029 3729 spatio
1041 3644 1110 3711 che
1121 3641 1169 3707 lui
1181 3642 1320 3709 doueua
1332 3662 1411 3727 por·
1476 3733 1479 3737 Δ

175 3768 248 3824 tare
264 3778 285 3822 a
302 3756 460 3825 Venetia.
481 3756 547 3825 Dio
563 3758 607 3824 N.
626 3758 664 3826 S.
681 3756 731 3824 sia
747 3758 887 3824 laudato
904 3767 939 3823 et
960 3757 1153 3844 glorificato
1177 3757 1258 3825 nelli
1279 3756 1355 3823 sani
1378 3768 1413 3825 et

176 3870 327 3951 infermi,
347 3872 420 3938 uiui
437 3884 472 3939 et
487 3870 602 3939 morti.
622 3874 748 3943 Amen.

246 3988 290 4056 V.
307 3990 351 4057 R.
369 3986 476 4054 habbi
490 4009 574 4055 cura
586 3988 630 4057 de
644 4010 711 4055 non
725 3988 847 4056 lesciar
859 4010 997 4056 mancat
1010 3988 1034 4054 il
1046 3988 1240 4056 necessario
1253 3988 1309 4055 alli
1323 3990 1413 4070 suoi,

179 4116 214 4172 et
231 4103 444 4172 conseruarli
461 4103 536 4170 sani
554 4104 609 4171 nei
625 4104 745 4171 diuino
765 4104 918 4174 seruitio

248 4220 351 4287 Circa
365 4221 398 4285 le
414 4218 566 4306 disputte
583 4221 626 4288 V.
650 4222 694 4290 R.
717 4221 821 4289 habbi
842 4242 925 4288 cura
945 4222 1012 4288 che
1032 4221 1061 4289 si
1081 4222 1173 4290 serui
1195 4223 1228 4290 la
1249 4222 1418 4289 modestia

182 4336 373 4347 ———--—-

235 4396 249 4423 ⁸
287 4379 365 4435 delio
380 4395 504 4435 uersam
517 4396 574 4434 ms.

182 4477 374 4487 ——-

237 4522 249 4555 ¹
288 4520 399 4578 Caesar
411 4523 595 4582 Aversanus.

239 4670 248 4701 ¹
287 4667 332 4720 Ex
345 4664 448 4721 codice
462 4666 579 4739 Roget.
595 4668 636 4735 II,
652 4666 705 4725 fol.
721 4679 777 4722 12r.
