3567 5409
354 491 407 548 242
729 479 936 536 Monunnnrn
960 477 1140 533 Iennrrnnn

279 651 280 654 ’
314 630 418 698 tiamo
444 651 578 717 sempre
601 651 663 697 sua
687 629 882 698 santissimo
903 630 1058 709 volunta,
1080 640 1115 694 et
1139 628 1253 713 quella
1280 637 1549 714 pertettamente

315 745 542 834 adempiamo.

384 862 429 930 Di
446 864 555 931 Roma
571 881 613 946 27
630 863 673 930 de
690 862 856 932 Gennaro
877 866 963 945 1554
979 873 1005 928 ⁸.

385 979 438 1047 De
452 990 568 1048 vostre
583 977 734 1066 signorie
751 977 944 1044 humillimo
955 998 1055 1046 servo
1071 978 1127 1044 nel
1144 977 1292 1063 Signore
1307 985 1438 1056 nostro,

1201 1118 1378 1186 Ioniam.

385 1273 583 1359 Inscriptio.
601 1271 671 1338 Alli
687 1271 793 1337 molto
809 1268 984 1358 magnifici
1003 1270 1135 1357 signori
1156 1269 1234 1336 miei
1255 1271 1312 1337 nel
1333 1269 1463 1357 Signor
1485 1291 1553 1335 no-

319 1398 403 1472 stro,
421 1387 444 1454 li
460 1387 528 1454 Sri.
548 1385 666 1474 agenti
682 1387 772 1456 della
788 1387 964 1454 comuniti
979 1386 1015 1452 di
1033 1388 1238 1473 Morbegno.

888 1568 981 1649 tito

425 1701 570 1769 PATRI
599 1701 827 1769 ANDREAE
854 1701 1182 1769 GALVANELLO
1205 1701 1269 1770 EX
1292 1699 1447 1770 COMM.

725 1837 817 1881 noua
830 1837 864 1894 27
877 1837 1025 1892 Janunnrr
1039 1837 1109 1894 1554
1126 1824 1149 1883 ¹.

326 1959 530 2018 Galvanellus
554 1960 691 2015 Venutius
713 1958 1002 2015 arcessitum-Post
1023 1961 1184 2030 scriptum.
1210 1960 1331 2015 Annuit
1348 1958 1491 2030 [gnatius
1509 1963 1555 2031 ut,

664 2050 692 2104 si
701 2054 776 2121 opus
782 2047 897 2121 fuerit,
913 2049 1048 2104 raditum
1065 2047 1210 2120 differat.

389 2186 463 2253 Pax
480 2183 621 2253 Christi.

272 2339 273 2344 κ
387 2302 427 2368 L'
446 2301 565 2369 ultime
580 2302 624 2370 de
641 2301 685 2368 V.
704 2303 746 2368 R.
766 2320 852 2368 sono
864 2301 909 2369 de
923 2319 942 2385 3
958 2310 994 2368 et
1009 2323 1031 2389 9
1046 2301 1103 2368 del
1116 2311 1276 2386 presente
1291 2301 1318 2382 '3
1332 2311 1368 2370 et
1380 2310 1511 2388 quanto
1522 2301 1556 2366 al

320 2416 440 2484 diferir
456 2419 489 2484 la
505 2418 628 2503 partita
649 2416 678 2483 si
701 2417 788 2486 uede
809 2437 878 2483 non
899 2415 950 2484 sia
970 2427 1059 2483 stata
1078 2438 1182 2484 sanza
1204 2416 1347 2503 ragione
1367 2417 1496 2500 buono,
1518 2429 1556 2482 et

321 2535 393 2602 cosi
411 2555 496 2601 sono
512 2545 684 2604 accettate
699 2544 829 2620 quanto
845 2533 877 2599 al
893 2545 1044 2618 passato
1067 2534 1132 2600 Per
1152 2534 1176 2599 l’
1201 2533 1356 2615 auenire‚
1379 2533 1504 2620 poiche
1520 2533 1556 2601 le

322 2670 403 2717 cose
418 2670 503 2717 sono
519 2649 694 2734 aquietati,
713 2660 747 2718 et
763 2650 915 2718 secondo
929 2649 963 2715 la
979 2648 1121 2734 ragione
1136 2649 1166 2715 si
1181 2648 1323 2717 doueria
1339 2652 1448 2716 hauer
1468 2671 1552 2736 pro·

323 2765 413 2833 uisto
429 2767 462 2832 la
473 2765 683 2832 communita
694 2765 739 2834 de
752 2769 809 2831 un'
822 2766 910 2830 altro
923 2775 1071 2850 pastore,
1087 2750 1129 2832 V.
1147 2766 1189 2834 R.
1203 2787 1272 2831 non
1288 2765 1317 2830 si
1335 2767 1481 2834 formeri
1493 2765 1553 2852 pid

323 2881 367 2950 de
383 2879 543 2966 quindeci
560 2881 672 2968 giorni
688 2882 779 2967 dopo
793 2882 826 2947 la
842 2880 1000 2947 riceuuta
1012 2878 1050 2946 di
1066 2890 1188 2965 questa
1202 2879 1239 2946 in
1255 2881 1460 2968 Morbegno,
1477 2903 1557 2968 per·

323 2999 389 3064 che
405 2999 428 3063 l'
446 2996 641 3064 obedientia
656 2997 690 3063 di
708 2999 753 3068 N.
773 3000 813 3064 P.
832 2997 905 3066 cosi
921 2999 943 3062 i'
960 2996 1092 3080 ordina,
1110 3007 1145 3066 et
1160 3018 1200 3065 se
1211 3000 1246 3063 n'
1261 2997 1389 3065 andard
1401 2999 1466 3066 aila
1480 2998 1558 3064 uoi-

326 3123 360 3180 ta
376 3113 412 3179 di
426 3112 584 3181 Venetia.

393 3229 471 3295 Aila
487 3228 697 3294 communiti
713 3229 826 3297 scriue
842 3229 887 3298 N.
907 3232 964 3309 1³..
977 3240 1012 3296 et
1028 3231 1087 3314 qui
1104 3228 1133 3296 si
1149 3231 1274 3296 manda
1295 3231 1328 3296 la
1348 3227 1447 3315 copia
1471 3233 1497 3311 ⁸,
1522 3239 1559 3299 et

325 3347 476 3412 anchora
493 3365 560 3410 una
575 3356 743 3430 stampata
759 3343 837 3414 delt'
855 3344 962 3412 India:
980 3357 1015 3414 et
1031 3347 1087 3412 all’
1102 3346 1249 3412 orationi
1265 3345 1300 3412 di
1318 3348 1362 3414 V.
1382 3347 1425 3416 R.
1451 3348 1559 3413 molto

327 3459 359 3528 ci
375 3459 688 3530 raccomandiarnO.

393 3579 447 3644 De
464 3577 571 3644 Roma
588 3595 629 3660 27
646 3578 681 3643 di
697 3578 837 3645 Genaro
862 3593 958 3662 1554.

394 3691 589 3777 Inscriptio.
611 3695 678 3762 Per
695 3695 797 3760 Mtro.
816 3693 959 3760 Andrea
974 3694 1195 3762 Galuanello.

395 3989 441 4056 Se
458 3989 501 4057 V.
521 3991 561 4056 R.
581 3990 713 4057 uedessi
730 3993 796 4058 che
816 3992 962 4058 sarebbe
984 3990 1138 4061 notabile
1161 3992 1365 4060 discomodo
1385 3993 1566 4081 spirituale

330 4127 389 4192 per
404 4107 436 4171 la
452 4105 660 4172 communiti
676 4105 822 4173 lasciarli
839 4108 896 4173 nel
912 4109 1008 4175 detto
1025 4107 1185 4188 termino,
1199 4111 1243 4175 N.
1261 4112 1300 4177 P.
1317 4120 1485 4195 permette
1498 4113 1566 4180 che

340 4247 522 4256 -.μ-α...-

382 4333 398 4361 ⁸
435 4317 521 4386 Quae
534 4323 705 4389 sequuntur
718 4325 790 4374 sunt
800 4321 1007 4393 autographa.

385 4517 394 4550 ¹
431 4515 475 4568 Ex
489 4513 591 4569 codice
607 4515 724 4585 Regnat.
740 4516 780 4582 ΙΙ,
796 4515 849 4573 fol.
862 4513 923 4585 39r.

383 4611 394 4644 ¹
434 4613 529 4683 Epist.
546 4613 670 4678 Mixtae,
689 4615 742 4681 1V,
764 4617 807 4670 26.

383 4703 395 4736 ³
432 4701 508 4756 Vide
522 4702 676 4772 epistolam
691 4705 885 4774 superiorem.
