3567 5409
410 473 462 530 332
789 477 996 533 Monstrum
1016 478 1191 533 luxuriem

373 628 441 696 alla
462 629 688 715 dispositione
709 629 789 697 delli
807 629 976 709 huomini,
995 642 1031 699 et
1047 630 1126 715 pian
1144 630 1245 715 piano
1261 630 1316 717 poi
1331 628 1437 697 tirarli
1453 652 1474 698 a
1490 628 1610 715 quello

374 746 440 813 che
455 746 729 814 absolutamente
745 749 765 813 e
783 747 922 833 megli03
942 768 1006 833 pur
1022 746 1057 813 in
1074 759 1197 831 questo
1214 748 1258 813 V.
1275 748 1315 815 R.
1336 748 1485 833 proceda
1507 764 1610 811 come

376 860 503 946 meglio
519 862 573 929 nel
586 860 706 947 signor
722 874 842 929 nostro
855 862 877 927 li
891 866 1023 948 pareri.

443 978 492 1044 La
507 974 679 1063 diligenza
694 980 759 1044 che
776 1000 883 1045 usano
899 978 1013 1045 alcuni
1028 978 1064 1044 in
1080 978 1173 1045 suiur
1189 979 1211 1043 li
1228 977 1350 1047 scolari
1362 978 1452 1047 della
1469 976 1607 1057 scuole,

325 1092 328 1097 ’
374 1106 409 1160 et
425 1094 457 1159 le
474 1110 621 1179 persone
635 1095 722 1162 altre
737 1093 854 1161 diuote
865 1094 956 1162 della
970 1094 1246 1180 frequentatione
1257 1094 1336 1161 delli
1352 1092 1574 1173 sacramenti,
1589 1093 1610 1157 ὁ

375 1209 408 1274 d'
426 1231 472 1275 un
490 1207 674 1277 rnedesimo
690 1230 712 1274 ο
728 1208 838 1275 simile
854 1212 939 1277 zelo.
959 1209 1024 1277 Dio
1043 1212 1086 1277 N.
1105 1211 1142 1279 S.
1159 1213 1192 1277 io
1206 1209 1314 1277 faccia
1326 1209 1361 1275 in
1380 1210 1459 1275 tutti
1472 1208 1612 1275 sinsero

376 1337 411 1391 et
427 1327 604 1392 conforme
619 1348 639 1391 a
655 1347 719 1391 sua
734 1324 852 1392 diuina
871 1327 1026 1395 uoluntir.

442 1441 543 1507 Circa
560 1440 583 1507 ii
598 1422 710 1507 scotto
726 1443 751 1521 ³,
771 1461 840 1507 non
857 1442 1029 1527 possiamo
1045 1444 1112 1507 ben
1129 1442 1307 1509 intendere
1320 1464 1357 1508 se
1374 1440 1432 1528 gid
1447 1462 1508 1507 era
1522 1440 1611 1505 rice·

378 1568 461 1622 uuto
473 1556 509 1621 in
520 1576 611 1635 casa,
627 1557 765 1641 quando
776 1578 814 1623 se
827 1556 849 1620 li
861 1557 983 1622 ordino
994 1554 1119 1623 leuarsi
1133 1559 1165 1623 la
1177 1556 1295 1633 barba,
1311 1556 1334 1621 il
1346 1558 1412 1623 che
1425 1578 1493 1623 non
1507 1555 1612 1623 suole

376 1670 457 1738 farsi
472 1672 544 1739 cosi
561 1673 595 1739 d’
616 1694 663 1739 un
681 1686 785 1739 tratto
801 1673 858 1739 alli
876 1672 1047 1760 principii,
1067 1673 1225 1741 massime
1246 1672 1337 1740 nella
1354 1671 1462 1757 prima
1480 1672 1609 1756 proba-

378 1788 483 1870 tione;
501 1788 578 1855 anzi
594 1787 622 1853 si
639 1786 788 1854 tassiano
803 1797 874 1853 star
890 1792 945 1855 coi
961 1788 1100 1875 proprio
1116 1788 1246 1855 habito.

300 1884 305 1892 ’
446 1906 511 1972 Per
525 1926 593 1970 una
609 1906 729 1971 lettera
744 1905 800 1970 del
819 1906 858 1969 P.
877 1904 1015 1971 Giouan
1032 1906 1199 1971 Catalano
1217 1904 1228 1937 ⁴
1247 1902 1276 1969 si
1294 1905 1381 1971 uede
1397 1905 1429 1969 la
1441 1924 1505 1969 sua
1523 1904 1612 1967 buo-

377 2043 423 2087 na
439 2019 661 2106 dispositione
674 2042 734 2106 per
747 2021 852 2087 andar
863 2022 920 2086 all'
937 2021 1029 2087 indie
1041 2032 1076 2087 et
1088 2023 1139 2087 fra
1151 2018 1293 2099 infideli3
1308 2019 1421 2105 potria
1435 2040 1532 2086 esser
1543 2020 1611 2085 che

380 2136 487 2221 prima
505 2136 527 2200 ti
542 2136 715 2202 accedessi
731 2148 866 2220 questo,
883 2139 949 2202 che
964 2158 1056 2203 esser
1071 2139 1155 2203 fatto
1167 2156 1331 2203 vescouo.
1354 2133 1497 2221 Degnisi
1514 2134 1611 2200 lddio

379 2253 423 2317 N.
443 2254 481 2320 S.
500 2251 580 2317 tutti
596 2251 755 2337 guidarci
773 2252 827 2317 nei
843 2273 908 2317 suo
921 2264 1020 2317 santo
1035 2252 1187 2319 seruitio

446 2369 511 2435 Del
529 2370 568 2435 P.
589 2367 732 2433 Alberto
742 2369 786 2434 de
802 2368 970 2452 Augubio
988 2370 998 2401 ³
1016 2389 1084 2434 non
1101 2367 1285 2433 habbiarno
1297 2368 1430 2447 lettere,
1444 2377 1480 2433 et
1494 2366 1553 2451 piit
1566 2364 1611 2429 da

380 2483 435 2548 noi
453 2482 475 2548 li
487 2483 643 2550 desidera
654 2506 718 2550 sua
729 2495 850 2562 matre,
864 2484 965 2567 quale
978 2483 1103 2549 dicono
1116 2484 1143 2549 si
1156 2484 1270 2569 afflige
1284 2482 1536 2569 grandemente
1549 2502 1611 2566 per

381 2620 448 2663 non
465 2620 563 2683 saper
580 2618 671 2665 noua
686 2598 721 2665 di
736 2599 797 2665 lui.
817 2587 861 2666 V.
881 2600 922 2665 R.
941 2601 984 2665 de
996 2598 1107 2684 gratia
1120 2599 1142 2663 li
1155 2598 1267 2665 seriua
1280 2600 1345 2666 che
1358 2598 1392 2663 in
1406 2596 1491 2685 ogni
1505 2598 1611 2663 modo

378 2713 492 2781 scriua
507 2714 564 2780 alli
580 2714 655 2779 suoi
671 2715 862 2781 secundum
883 2734 1035 2794 carnem;
1060 2726 1094 2783 et
1116 2715 1213 2800 putri
1237 2712 1409 2781 mandarci
1430 2710 1465 2778 di
1486 2734 1557 2797 qua
1578 2712 1610 2778 ie

379 2831 513 2909 lettere,
526 2852 565 2897 se
577 2851 644 2896 non
662 2833 790 2898 hauerd
808 2830 864 2897 uia
879 2822 993 2898 sicura
1011 2852 1070 2915 per
1086 2830 1268 2898 indrizarle
1285 2829 1470 2896 altrimenti
1485 2850 1506 2897 a
1525 2830 1609 2895 Fer-

380 2966 467 3011 rara.

447 3063 491 3129 V.
511 3064 551 3129 R.
571 3062 602 3128 ci
621 3062 705 3128 sacci
721 3062 845 3129 auisati
861 3064 942 3147 qual
958 3064 1068 3129 classe
1084 3074 1099 3103 ⁸
1119 3075 1224 3149 tenga
1240 3061 1322 3149 ogni
1347 3083 1417 3127 uno
1436 3060 1518 3129 delli
1540 3062 1609 3127 fra-

382 3176 465 3258 telli,
483 3190 518 3245 et
534 3198 571 3245 se
586 3178 697 3264 potria
712 3177 846 3245 cauarsi
867 3178 903 3244 di
924 3178 955 3245 ld
976 3180 1135 3246 Emundo
1156 3180 1167 3214 ⁰
1191 3201 1249 3264 per
1270 3189 1393 3262 questo
1412 3176 1609 3244 Settembre

379 3314 484 3361 senza
507 3295 621 3361 denno
643 3295 724 3362 dell'
749 3315 864 3380 opera.
892 3296 944 3361 De
969 3296 1072 3361 Mtro.
1098 3292 1248 3373 Giouan‚
1277 3294 1430 3359 francese
1455 3296 1478 3371 ἵ,
1504 3290 1608 3359 etiam

381 3410 534 3477 uoriamo
551 3428 651 3494 saper
665 3432 715 3488 se,
730 3412 926 3477 mandando
944 3411 1003 3476 un'
1020 3410 1107 3477 altro
1123 3412 1313 3486 sacerdote,
1331 3430 1368 3475 se
1385 3407 1496 3495 potria
1513 3408 1610 3473 leuat

380 3547 441 3610 per
460 3526 557 3591 detto
575 3536 703 3611 tempo.

449 3643 527 3708 Non
542 3642 641 3721 altro,
660 3665 697 3709 se
714 3664 782 3709 non
799 3645 863 3709 che
880 3644 936 3707 all'
956 3642 1099 3708 orationi
1116 3642 1150 3707 di
1168 3644 1211 3709 V.
1233 3644 1274 3711 R.
1292 3651 1327 3707 et
1342 3641 1386 3709 de
1404 3641 1483 3705 tutti
1500 3636 1609 3703 nostri

379 3756 570 3824 charissimi
590 3758 711 3825 fratelli
728 3760 833 3825 molto
850 3760 881 3825 ci
895 3759 1204 3825 raceomandiamo.

448 3873 493 3940 Di
512 3876 619 3942 Roma
641 3893 679 3956 17
696 3875 730 3941 di
747 3876 893 3941 Febraio
914 3892 1010 3959 1554.

452 3992 646 4077 Inscriptw.
669 3990 826 4075 Perogia.
847 3993 891 4057 ΑΙ
911 3994 949 4057 Ρ.
968 3990 1150 4057 Eueraldo.

434 4200 448 4225 a
485 4184 581 4238 clam
594 4198 650 4239 ms.

385 4300 501 4309 .-——-...
507 4300 592 4309 ...υ-ι·-

436 4358 447 4387 ¹
485 4358 554 4413 Erat
566 4356 614 4411 hic
626 4355 800 4411 candidatus
814 4364 932 4411 «scotus
944 4370 1066 4425 genere,
1082 4354 1158 4408 vir...
1175 4362 1205 4406 et
1218 4352 1350 4407 doctrina
1365 4360 1395 4405 et
1408 4368 1506 4405 rerum
1521 4366 1605 4423 expe·

383 4446 488 4501 rientia
500 4447 624 4501 cintus».
642 4446 713 4501 Litt.
728 4444 907 4517 Quadrim„
923 4444 960 4513 11,
975 4454 1036 4512 577.

439 4539 448 4567 ⁶
485 4538 614 4607 joannes
627 4536 706 4605 uret,
719 4535 757 4592 de
769 4553 829 4609 quo
840 4552 931 4607 saepe
945 4536 1071 4605 egimus.

439 4630 450 4658 ³
487 4626 629 4680 Albertus
640 4626 846 4685 Ferrariensis.
857 4634 955 4680 rector
968 4622 1111 4695 eugubini
1122 4624 1254 4693 collegii.
1274 4620 1349 4677 Vide
1361 4624 1517 4694 epistolum
1530 4622 1606 4690 4165.

438 4720 450 4747 ‘³
486 4713 657 4770 Edmundus
672 4714 830 4784 Augerius.
1162 4717 1186 4744 ⁷·
1210 4712 1340 4782 Jounnes
1353 4711 1456 4782 Niger.
