3567 5409
398 489 448 549 172
768 476 973 533 Mononnnrn
997 478 1178 534 leaenam

360 653 421 719 per
441 652 487 699 vn
509 651 594 718 pezo
614 630 768 710 titener',
790 640 826 698 et
846 633 958 699 anche
977 629 1006 696 si
1028 629 1126 715 potra
1148 627 1336 697 informare
1356 628 1392 695 di
1413 629 1586 715 Bologna‚

360 747 499 833 quando
514 746 538 814 li
553 758 723 834 potranno
739 746 902 815 mandare
916 747 1014 816 detto
1031 746 1142 813 Paulo
1158 746 1183 811 ⁴.

428 864 505 931 Non
522 863 620 944 altro,
639 874 761 929 senon
778 866 845 929 che
861 884 922 949 per
936 863 960 928 l’
979 861 1150 949 Ethyopia
1165 883 1252 929 sono
1267 860 1433 929 nominati
1456 860 1586 941 alcuni,

361 978 441 1047 delli
456 976 548 1063 quali
565 978 589 1043 il
606 1001 643 1047 re
659 977 731 1047 lari
746 977 916 1047 electione
931 976 967 1046 di
982 978 1163 1065 patriarca.
1183 976 1280 1044 Tutti
1295 998 1406 1045 sonno
1420 978 1509 1045 della
1521 999 1586 1044 na·

360 1093 454 1162 tione
469 1096 635 1183 spagnola
651 1116 672 1162 o
688 1097 913 1181 portughesa.

427 1212 527 1279 Nella
550 1211 714 1279 Barberia
738 1211 840 1279 etiam
864 1212 893 1279 si
915 1233 1036 1299 scopre
1059 1212 1208 1296 qualche
1230 1209 1411 1277 occasione
1431 1211 1521 1276 bona
1543 1209 1588 1277 de

361 1326 528 1414 predicar'
544 1328 576 1395 la
592 1328 671 1396 fede
686 1328 731 1398 de
751 1330 841 1414 Xp0.
867 1329 917 1394 fra
938 1328 962 1393 li
981 1326 1083 1395 mori.
1105 1329 1216 1395 Como
1234 1326 1268 1393 la
1289 1347 1372 1393 cosa
1391 1326 1441 1393 sia
1457 1325 1516 1412 pin
1531 1324 1586 1391 di-

244 1474 249 1523 5
362 1456 473 1530 gesta,
491 1445 521 1510 si
536 1444 618 1511 dari
635 1444 693 1529 pin
710 1434 897 1531 particular
912 1443 1021 1512 auiso.

423 1561 507 1648 Jesit
524 1558 663 1627 Christo
679 1560 709 1627 ci
727 1560 825 1647 guidi
842 1560 923 1628 tutti
938 1562 995 1627 nel
1011 1582 1076 1629 suo
1091 1572 1191 1628 santo
1207 1557 1361 1628 seruitio.

427 1675 481 1745 De
496 1670 605 1743 Roma
626 1694 664 1761 13
681 1676 725 1744 de
736 1678 888 1765 Jennaro
910 1692 1006 1761 1554.

428 1792 562 1879 Queste
578 1814 638 1879 per
654 1792 735 1859 Pisa
750 1804 786 1862 et
808 1795 905 1861 Luca
921 1793 965 1860 V.
985 1794 1025 1861 R.
1047 1792 1154 1861 faccia
1170 1793 1323 1859 mandar'
1341 1813 1362 1861 a
1378 1792 1471 1858 buon
1486 1811 1586 1857 reca-

362 1908 446 1993 pito.

429 2026 624 2110 Inscriptio.
644 2024 822 2092 Fiorenza.
842 2028 944 2095 Mtro.
963 2026 1155 2094 LudouicO.

923 2170 1031 2251 4⁰62

718 2302 917 2370 PETRO
953 2302 1231 2371 SANTINO

753 2440 842 2485 nona
864 2426 897 2482 13
914 2440 1061 2495 Jnnonnn
1083 2441 1152 2498 ¹554
1171 2432 1190 2484 ¹.

362 2560 432 2617 Suis
441 2562 552 2617 litteris
563 2562 893 2634 responden-Gaudet
904 2562 1071 2620 Sentinum
1083 2563 1317 2636 impedimentis,
1329 2561 1435 2633 quibus
1443 2561 1592 2631 hueusque

415 2652 582 2716 tenebatur,
596 2652 729 2707 solutum
743 2669 817 2727 esem
826 2654 877 2709 sed
891 2652 957 2708 nult
970 2658 1013 2720 ut,
1024 2653 1220 2725 priusquam
1235 2654 1267 2707 in
1286 2651 1368 2707 viam
1381 2668 1412 2707 se
1424 2652 1485 2714 det,
1498 2650 1591 2723 Igna·

403 2742 493 2801 ‚tium
506 2742 668 2797 admonent
679 2740 802 2814 ejusque
814 2747 991 2814 responsum
1000 2748 1181 2813 exspecten—
1195 2742 1325 2797 Litterae
1335 2740 1474 2796 exlmlin
1483 2740 1590 2795 mitto.

430 2878 503 2943 Pax
518 2868 661 2947 Christi.

373 3002 376 3011 “
428 2992 562 3078 Questa
576 2994 757 3064 settimana
773 2994 957 3063 habbiamo
973 2993 1129 3062 riceuuto
1145 3017 1212 3061 vna
1227 2994 1349 3062 lettera
1365 2993 1410 3060 de
1426 2994 1469 3060 V.
1488 2992 1530 3059 C.
1544 2992 1590 3057 de

363 3110 404 3176 28
421 3110 477 3177 del
494 3122 631 3197 passato
647 3110 673 3191 '3
692 3121 727 3178 et
742 3111 840 3193 altra,
855 3113 899 3179 de
915 3112 947 3179 la
963 3112 1043 3197 qual
1060 3113 1094 3178 la
1110 3110 1297 3191 mentione,
1313 3132 1381 3177 non
1398 3110 1421 3175 l’
1439 3111 1589 3176 haueua·

363 3247 419 3292 mo
435 3224 601 3312 riceputa.

428 3340 471 3410 Ci
488 3342 703 3444 rallegriamo
719 3342 754 3409 in
771 3342 920 3411 Domino
935 3345 1002 3410 che
1018 3342 1084 3411 stia
1100 3355 1235 3429 parato,
1254 3328 1402 3429 et'pensi
1419 3340 1585 3428 spedirse·

362 3480 406 3526 ne
422 3458 512 3527 cossi
530 3468 644 3545 presto
659 3459 739 3525 delli
756 3458 832 3527 suoi
848 3458 993 3547 negotii.
1017 3460 1061 3527 Et
1076 3460 1215 3545 quando
1232 3458 1309 3525 sari
1325 3470 1453 3545 tempo,
1477 3456 1510 3523 io
1525 3458 1588 3522 ha·

363 3574 446 3643 uero
466 3594 550 3642 cura
569 3574 612 3641 de
633 3574 732 3642 darni
753 3574 867 3658 auiso,
894 3597 915 3641 o
936 3574 986 3642 sia
1003 3597 1063 3661 per
1084 3576 1232 3642 andare
1253 3574 1425 3653 Monreal,
1446 3574 1511 3638 hot
1527 3592 1587 3658 per

363 3694 421 3756 vn'
440 3691 527 3758 altra
542 3691 672 3773 banda,
690 3692 781 3759 doue
801 3691 829 3757 si
850 3712 949 3777 spera
971 3692 1078 3759 molto
1099 3688 1241 3772 seruitio
1263 3690 1307 3757 de
1323 3688 1401 3757 Dio.
1421 3688 1459 3757 Si
1475 3686 1588 3756 chela

363 3806 403 3876 C.
423 3806 469 3877 V.
486 3828 556 3873 non
572 3806 600 3873 si
618 3819 713 3893 parta
729 3828 833 3875 sanza
850 3808 969 3874 hauer’
986 3816 1106 3874 nostro
1121 3806 1229 3873 auiso.

430 3922 502 4009 Qui
519 3921 554 3989 ui
570 3923 696 3990 mando
712 3944 781 3991 una
802 3924 924 3992 lettera
943 3920 1021 3990 dell’
1042 3922 1156 4004 India;
1173 3934 1208 3990 et
1228 3923 1367 4008 quando
1390 3918 1512 3989 nolesti
1526 3921 1589 3986 ha·

416 4125 432 4156 ⁴·
465 4122 562 4192 Hujus
575 4120 772 4177 adolescentis
785 4136 950 4191 cognomen
963 4127 1062 4176 tacent
1073 4119 1174 4192 Epist.
1189 4118 1314 4183 Mixtoe,
1329 4116 1380 4184 IV,
1392 4130 1456 4185 212,
1468 4132 1544 4191 qnae
1552 4114 1591 4171 de

364 4210 414 4268 illo
428 4210 608 4267 mentionem
621 4210 744 4267 iaciunt.

418 4392 426 4425 ¹
465 4393 508 4447 Ex
521 4391 624 4448 codice
638 4392 755 4465 Regem.
770 4390 813 4459 II,
825 4390 876 4445 iol.
892 4404 957 4458 29v.

417 4485 428 4517 ¹
467 4480 630 4538 videantur
644 4482 741 4553 Epist.
756 4480 882 4543 Mixtae,
897 4480 950 4547 Ill,
964 4477 1027 4548 685,
1043 4478 1094 4532 ubi
1107 4475 1249 4532 Santinns
1267 4490 1381 4544 causas,
1396 4488 1449 4529 cur
1461 4472 1590 4530 nondum

365 4572 394 4627 in
409 4570 539 4626 Siciliam
553 4588 585 4627 se
598 4572 775 4643 contulerat,
789 4568 922 4643 exponit,
934 4568 1081 4640 simulque
1093 4582 1177 4639 opem
1190 4565 1321 4620 declarat
1332 4580 1421 4636 qnam
1433 4564 1524 4619 habet
1535 4560 1592 4617 iter

365 4660 592 4735 quamprimum
606 4660 791 4735 capessendi.
