3567 5409
572 494 676 549 Emer.
697 492 835 563 3961.-3
853 494 1039 549 Ducnuunis
1060 490 1129 561 1553
1398 505 1431 564 19

233 648 279 713 V.
302 648 344 714 R.
363 650 428 715 che
448 649 469 714 ἑ
489 647 728 727 malinconico,
753 648 787 715 ia
807 648 873 714 che
895 647 938 714 N.
960 648 1000 713 P.
1018 643 1085 713 stia
1099 636 1249 732 sopradi
1264 668 1314 713 se.
1333 646 1467 717 Hauise

232 764 394 830 adonehe
414 774 535 847 questa
556 762 762 830 malineonia
781 785 820 831 se
840 763 868 829 si
890 773 1020 829 mostra
1040 762 1131 829 nella
1146 760 1250 842 ciera,
1273 782 1295 828 o
1314 760 1351 828 in
1372 782 1466 829 esser

233 880 339 947 tristo
355 902 376 946 ο
393 880 545 947 solitario
557 880 591 945 in
604 881 709 947 modo
725 881 790 948 che
805 900 875 945 non
887 878 1057 947 conuiene
1072 900 1094 944 a
1110 890 1227 945 nostro
1243 877 1414 958 instituto,
1431 889 1468 946 et

232 998 279 1060 al’
295 998 380 1063 hora
395 994 451 1062 sib
467 996 632 1063 risoiuerii
648 998 692 1064 N.
714 999 756 1067 P.

306 1114 416 1200 Supra
431 1115 455 1178 l'
470 1135 576 1200 opera
590 1113 671 1181 delli
683 1112 825 1198 giouani
837 1112 866 1179 si
878 1111 1023 1199 parieti,
1038 1110 1208 1199 piacendo
1219 1132 1239 1178 a
1252 1111 1332 1191 Dio,
1347 1112 1379 1177 al
1393 1132 1467 1177 car·

233 1229 353 1298 dinale
380 1227 477 1297 accii)
499 1229 635 1296 risealdi
656 1230 687 1295 al
708 1249 772 1295 suo
792 1227 921 1295 vicarii)
941 1229 966 1293 ³.
990 1228 1028 1293 ln
1048 1238 1172 1312 questo
1191 1248 1321 1307 mezzo,
1350 1248 1475 1295 essens
1559 1214 1564 1226 “

232 1345 283 1409 do
309 1348 384 1412 loro
408 1354 505 1411 tanto
527 1344 640 1431 pochi,
664 1344 696 1411 la
715 1364 801 1430 poca
816 1342 929 1433 gratia
949 1343 993 1411 de
1013 1344 1156 1430 leggere
1176 1365 1198 1410 o
1218 1342 1401 1429 insegnare
1423 1344 1468 1411 de

233 1463 346 1528 Mtro.
364 1460 503 1528 Giouan
517 1461 683 1528 Catalano
699 1461 711 1492 ⁴
727 1460 803 1525 sari
821 1469 922 1545 tropo
939 1480 1000 1544 per
1017 1460 1101 1525 loro.

305 1578 333 1642 ΙΙ
350 1579 391 1643 P.
410 1576 551 1645 Simone
567 1576 586 1643 ὲ
601 1576 635 1641 in
654 1578 761 1642 Roma
777 1596 878 1645 sane.

269 1682 272 1687 ’
307 1694 410 1759 Mtro.
429 1691 583 1759 Antonio
598 1692 632 1757 d'
648 1689 780 1758 Vrbino
797 1712 865 1757 non
882 1692 902 1757 ὁ
918 1701 1024 1757 statto
1039 1689 1198 1757 riceuuto
1210 1688 1271 1757 fin'
1287 1713 1308 1757 a
1324 1710 1391 1757 mo.
1412 1690 1468 1757 Bi·

231 1809 388 1895 sogneru
406 1808 514 1875 faccia
530 1808 707 1893 sperienza
723 1806 782 1893 piu
799 1807 915 1893 longa.
1527 1789 1529 1794 ¹

308 1925 386 1990 Non
405 1924 503 2002 altro,
522 1944 559 1989 se
577 1944 645 1989 non
661 1925 726 1989 che
741 1922 797 1989 all'
813 1922 960 1991 orationi
974 1924 1018 1990 de
1034 1925 1079 1991 V.
1100 1926 1139 1990 R.
1159 1938 1195 1990 et
1215 1923 1238 1988 li
1256 1921 1333 1989 altri
1350 1922 1386 1989 in
1403 1924 1469 1991 Χ.ο

234 2038 433 2106 charissimi
450 2038 573 2106 fratelli
589 2040 695 2105 molto
711 2038 742 2105 ci
755 2038 1064 2110 raccomandiamO.

309 2158 363 2225 De
380 2158 490 2223 Roma
506 2172 526 2222 2
543 2154 578 2220 di
595 2155 785 2223 Decembre
806 2170 904 2240 1553.

309 2272 509 2357 Inscriptio.
528 2270 561 2338 Α
580 2269 727 2356 Perogia
742 2292 762 2335 a
780 2272 882 2338 Mtro.
897 2272 1054 2338 Gerardo
1070 2272 1096 2337 ⁸.

824 2459 916 2540 3961

360 2592 500 2659 PATRI
525 2592 786 2661 ALPHONSO
811 2588 1086 2659 SALMERONI
1111 2592 1173 2658 EX
1196 2592 1348 2659 COMM.

628 2728 718 2771 nonu
737 2712 756 2769 ³
774 2728 954 2772 nucuunms
976 2714 1044 2785 ¹55³
1064 2715 1086 2774 ¹.

238 2850 347 2905 Lainii
359 2855 433 2921 opus
444 2850 642 2923 theologicum
657 2850 812 2905 redditum
829 2866 890 2905 esse
904 2848 1247 2922 gaudet.-choanno
1264 2847 1474 2908 Thomu-Do

296 2940 442 2997 [anano.
452 2940 529 2996 -De
541 2940 723 2995 uAlburumu
736 2941 909 2995 sodalitate.
921 2941 993 2996 -De
1004 2938 1184 3012 adjuvando
1200 2939 1327 3011 collegio
1341 2937 1475 3011 neapoli·

293 3028 529 3101 tana—Lepida
537 3029 737 3102 famulorum
755 3030 925 3084 cardinalis
941 3030 1067 3085 Pacheci
1078 3026 1387 3084 utstatim-Gratias
1404 3028 1473 3101 agit

292 3120 331 3174 de
343 3124 458 3173 navata
470 3134 490 3172 a
504 3118 683 3175 Salmeroue
696 3118 823 3191 collegio
833 3119 1012 3191 germanico
1029 3118 1266 3191 operm-Domi
1277 3117 1347 3172 bene
1359 3118 1471 3183 ualent,

293 3210 346 3263 aad
357 3208 392 3262 in
401 3208 528 3281 collegio
540 3198 640 3279 aliqui
652 3213 826 3281 aegrotant.

804 3340 906 3483 juis.

310 3542 384 3609 Pax
400 3541 542 3611 Christi.

309 3658 351 3725 Ci
382 3658 635 3745 rallegrassimo
663 3658 720 3725 nel
748 3657 875 3743 Signor
904 3674 1021 3723 nostro
1053 3677 1117 3721 con
1150 3657 1263 3741 quelle
1291 3657 1334 3721 de
1362 3672 1402 3739 25
1432 3655 1475 3721 de

239 3774 444 3842 Nouembre
460 3774 505 3843 de
521 3776 567 3843 V.
582 3774 623 3841 R.

311 3889 457 3955 Intendo
473 3888 502 3956 si
518 3910 577 3957 era
593 3888 760 3957 ritrouato
774 3888 797 3954 il
813 3887 902 3954 libro
918 3889 973 3955 dei
992 3891 1031 3954 P.
1051 3891 1152 3955 Mtro,
1174 3891 1310 3972 Laynez
1326 3898 1361 3954 et
1377 3908 1474 3953 man·
1564 3971 1571 3982 .

297 4070 312 4111 b
349 4066 448 4129 cims.

297 4230 309 4263 ³
346 4230 477 4300 Joanues
491 4226 589 4285 Oliva.
604 4228 694 4282 Porro
708 4244 805 4282 sermo
820 4227 887 4281 heic
906 4226 1022 4281 videtur
1040 4244 1107 4279 esse
1125 4226 1162 4280 de
1180 4224 1338 4282 seminario
1355 4224 1476 4281 clerico·

241 4336 319 4387 rum,
332 4318 442 4391 dequo
455 4326 652 4387 suprauctum
666 4326 723 4387 est,
737 4317 857 4389 agitque
872 4316 1055 4384 ΡοιΑΝουε,
1072 4314 1194 4381 chron„
1209 4316 1262 4383 ΙΙΙ,
1276 4316 1320 4385 56.

299 4410 311 4442 ⁴
346 4408 477 4479 Jouunes
492 4407 569 4463 Blet.

297 4498 309 4531 ⁵
346 4496 406 4565 Sic,
417 4504 447 4550 at
458 4495 612 4567 perspicue
623 4494 728 4549 calami
742 4496 839 4566 lapsus
851 4504 983 4567 apparet,
995 4512 1061 4548 cum
1073 4494 1228 4566 perusinus
1244 4506 1341 4549 rector
1354 4496 1390 4553 P.
1403 4496 1478 4549 Eve-

242 4584 347 4641 rardus
361 4583 563 4640 Mercurianus
576 4593 668 4642 esset.

302 4734 310 4765 ¹
348 4730 391 4784 Ex
403 4727 507 4785 codice
524 4726 639 4800 Καμεὶ.
656 4728 681 4795 Ι,
696 4726 745 4782 iol.
762 4738 838 4797 2171.
