3567 5409
520 516 623 573 Eprsr.
644 512 802 583 4ooo.-23
820 514 1007 570 Decmers
1029 512 1097 587 ¹55³
1350 528 1386 585 75

192 690 210 734 a
226 667 371 752 qualche
396 666 543 734 seruicio
561 667 606 735 de
629 666 696 734 Dio
712 666 842 733 minore
859 688 920 753 per
936 688 1007 734 non
1028 670 1180 734 mancar'
1197 668 1230 735 al
1250 667 1421 755 maggior'

191 793 225 850 et
241 782 302 869 piir
318 782 525 863 vniuersale,
544 782 567 847 li
584 803 664 868 pare
681 786 786 851 esser'
806 794 927 850 tenuto
943 804 964 847 a
982 784 1161 869 proueder’
1174 784 1217 851 de
1233 794 1351 870 gente.

257 899 301 964 Et
317 909 441 983 questo
456 898 685 977 considerato,
704 908 739 965 et
754 898 789 965 d’
807 900 894 965 altro
906 912 1008 967 canto
1024 902 1090 968 che
1105 900 1138 965 la
1153 920 1233 967 casa
1250 899 1293 965 de
1315 899 1422 967 Tibo-

191 1014 226 1093 li,
244 1014 335 1081 doue
350 1025 456 1095 state,
472 1013 501 1081 si
517 1015 641 1095 vende,
660 1025 695 1083 et
711 1014 768 1080 noi
781 1036 850 1081 non
862 1014 1048 1082 habbiarno
1060 1014 1250 1103 possibiliti
1265 1016 1309 1082 de
1325 1036 1421 1082 com-

192 1131 336 1215 pararla,
358 1152 440 1216 pare
463 1152 482 1196 a
503 1132 548 1197 N.
575 1131 615 1199 P.
638 1132 741 1197 esser'
766 1130 996 1197 conueniente
1018 1132 1085 1201 che
1106 1132 1149 1198 V.
1175 1132 1216 1197 R.
1240 1152 1307 1197 con
1329 1130 1351 1195 li
1369 1131 1420 1197 soi

193 1236 312 1313 fratelli
334 1268 372 1313 se
389 1266 433 1312 ne
452 1267 567 1332 venga
587 1245 621 1313 in
644 1248 765 1328 Roma,
788 1246 913 1333 perche
938 1245 1048 1333 potria
1069 1246 1209 1313 toeearli
1233 1247 1266 1312 la
1287 1239 1380 1313 s'orte
1400 1269 1421 1313 a

191 1362 324 1445 quelch'
342 1384 411 1428 vno
427 1362 508 1429 delli
526 1382 544 1446 3
562 1362 596 1428 d'
614 1364 722 1428 ander
736 1362 771 1428 in
788 1363 901 1449 quelle
917 1363 1042 1434 bande.
1063 1364 1105 1429 Et
1121 1385 1140 1429 a
1157 1362 1270 1448 questi
1288 1360 1420 1449 signori
1447 1438 1450 1445 ¹

189 1477 276 1544 della
292 1476 378 1545 citt&
394 1477 598 1563 ringratiarri
615 1479 647 1544 la
663 1479 701 1546 R.
717 1479 760 1546 V.
780 1478 868 1546 della
884 1498 947 1544 sua
964 1477 1204 1551 beneuolentia
1217 1489 1256 1561 et
1272 1478 1417 1559 charite,

189 1593 335 1661 dicendo
352 1596 430 1672 che,
448 1593 556 1661 siben
573 1595 695 1661 adesso
711 1616 771 1679 per
787 1596 819 1662 le
835 1595 904 1660 due
919 1614 1024 1661 cause
1039 1594 1134 1661 dette
1148 1614 1187 1661 se
1200 1614 1245 1661 ne
1258 1615 1420 1681 vengono

189 1730 209 1775 a
224 1710 348 1789 Roma,
367 1711 431 1777 che
447 1710 491 1777 N.
513 1712 552 1775 P.
572 1730 706 1795 sempre
723 1709 853 1778 retiene
870 1711 902 1776 la
918 1711 1008 1777 bona
1026 1708 1168 1777 uolunt&
1184 1708 1285 1776 solita
1296 1710 1340 1775 de
1351 1730 1421 1777 ser-

192 1822 265 1889 uirli
282 1826 339 1892 nel
356 1823 485 1910 Signor
501 1835 633 1904 nostro,
656 1836 691 1892 et
707 1826 772 1892 che
788 1825 840 1891 col
859 1835 985 1911 tempe,
1003 1824 1151 1893 essendo
1174 1824 1333 1911 maggior
1350 1824 1420 1891 dis·
1456 1800 1461 1819 ⁸

193 1940 362 2025 positione
379 1939 413 2007 di
435 1941 479 2020 le,
503 1952 538 2005 et
559 1943 669 2007 anche
691 1940 725 2006 di
747 1961 815 2023 qua
837 1941 998 2008 hauendo
1018 1942 1166 2025 qualche
1189 1940 1361 2007 comoditi
1385 1939 1420 2007 di

193 2076 352 2141 persone,
373 2078 444 2121 non
459 2058 620 2122 mancare
635 2056 679 2123 de
695 2056 889 2121 rimandare
906 2054 1018 2122 alcuni
1033 2076 1091 2140 per
1107 2056 1131 2121 il
1146 2055 1287 2123 seruitio
1302 2068 1336 2122 et
1352 2078 1417 2143 ag·

191 2170 286 2257 giuto
302 2170 479 2257 spirituale
496 2170 585 2239 della
600 2172 694 2239 cirta.

254 2287 389 2371 Queste
405 2288 492 2356 feste
507 2286 669 2371 adunque
685 2296 832 2372 passate,
848 2288 892 2353 V.
909 2288 948 2353 R.
968 2286 1076 2353 faceia
1092 2299 1197 2353 conto
1213 2287 1246 2353 di
1262 2288 1418 2356 transmi-

190 2422 300 2485 grare,
320 2402 401 2471 etei
422 2402 535 2469 scriua
555 2424 593 2471 se
609 2424 649 2470 ce
666 2398 699 2467 n’
716 2404 735 2468 e
752 2402 898 2487 qualche
919 2402 1078 2468 romitoo
1099 2423 1246 2488 persona
1265 2404 1309 2469 da
1330 2406 1419 2472 bene

191 2538 247 2602 per
262 2528 407 2585 mettere
423 2540 444 2584 a
460 2530 558 2585 santa
575 2519 683 2586 Maria
699 2519 755 2584 del
773 2519 880 2584 Passo
896 2519 922 2582 ⁴.
940 2519 986 2585 Se
1002 2540 1083 2597 non,
1103 2521 1217 2585 forsan
1233 2518 1262 2585 si
1280 2522 1418 2587 trouarri

188 2633 334 2718 qualche
351 2655 420 2699 vno
435 2634 470 2701 di
492 2654 571 2719 qua;
590 2644 624 2701 et
645 2654 682 2701 se
699 2633 721 2699 li
739 2638 859 2720 parere
876 2634 919 2701 de
935 2632 1042 2701 venir'
1063 2656 1084 2699 a
1104 2634 1252 2703 conferit
1269 2635 1418 2720 qualche

190 2768 280 2829 cosa,
299 2770 321 2815 o
337 2747 490 2817 mandar'
504 2751 536 2819 el
553 2751 686 2817 fratello
702 2750 859 2817 Antonio
876 2754 900 2829 ³,
920 2751 1029 2836 potnl.

253 2868 332 2932 Non
358 2867 446 2934 altro
471 2888 533 2953 per
557 2880 690 2952 questa,
716 2888 753 2934 se
778 2888 846 2934 non
869 2869 936 2934 che
957 2868 1013 2933 all'
1039 2867 1184 2934 orationi
1200 2868 1234 2934 di
1256 2869 1299 2934 V.
1323 2870 1365 2936 R.
1384 2868 1418 2933 ei

188 2982 493 3064 raccomandiamo,
511 2994 545 3051 et
563 3004 728 3069 pregarno
744 2984 882 3051 Christo
900 2985 945 3051 N.
968 2985 1004 3052 S.
1023 3007 1043 3051 a
1068 2985 1150 3050 tutti
1167 2983 1222 3051 dia
1243 2985 1334 3051 bone
1356 3006 1417 3071 pa·

188 3118 284 3182 sque,
302 3110 370 3167 etc.

254 3216 453 3301 Inscriptio.
472 3214 597 3295 Tiuoli,
616 3218 717 3284 Mtro.
737 3214 930 3285 Desiderio.

744 3398 853 3483 4⁰⁰⁰

484 3531 623 3600 PATRI
646 3532 913 3601 FRANClSCO
939 3532 1118 3600 PALMIO

576 3668 666 3713 noun
680 3654 715 3711 23
726 3668 908 3713 peomne
923 3654 992 3726 155³
1005 3656 1026 3711 ¹.

272 3789 428 3846 Panem
440 3790 658 3862 onnieejrrbei
677 3790 781 3847 Violee
793 3790 966 3847 valetudini
977 3788 1144 3865 diligerem
1153 3789 1335 3861 proepe'cere.

491 3881 536 3937 De
549 3898 638 3937 eaera
650 3883 691 3937 ud
706 3882 897 3951 Aethiopiam
909 3879 1110 3952 expeditione.

253 4014 324 4080 Pax
341 4014 398 4083 X}

254 4130 320 4198 Per
341 4130 364 4196 l'
383 4132 502 4199 ultime
523 4134 566 4200 de
591 4148 628 4217 15
650 4133 706 4199 del
727 4146 886 4218 presente
907 4130 1152 4199 intendessimo
1173 4130 1229 4196 del
1249 4150 1343 4197 esser
1359 4128 1415 4195 del

193 4260 377 4271 ———.

239 4329 250 4362 ⁴
287 4326 382 4383 L0cue
395 4344 479 4383 eecer
491 4338 549 4397 est,
562 4346 650 4403 quem
664 4327 807 4385 Societeti
815 4327 992 4384 'Ludovicus
1003 4328 1042 4384 de
1055 4326 1198 4383 Mendoza
1210 4325 1343 4383 donarer.
1358 4326 1416 4383 Po·

189 4426 321 4487 rrnrcus,
337 4415 463 4484 ceron„
482 4418 578 4490 11,17.

239 4506 250 4539 ⁵
287 4506 435 4562 Antonius
447 4507 484 4563 de
498 4506 624 4563 Robore.
643 4506 710 4563 Nou
724 4515 822 4562 tamen
836 4506 924 4562 sedes
937 4506 1081 4561 tiburtina
1098 4504 1257 4561 Societetis
1274 4521 1291 4559 a
1307 4505 1417 4559 nostrie

188 4592 286 4649 relicte
298 4602 353 4652 eet.
369 4595 552 4665 Potencus,
570 4596 694 4663 chron„
711 4596 762 4666 lv,
779 4608 810 4651 21
826 4605 856 4651 et
873 4609 917 4653 22.

138 4770 144 4783 ·
242 4742 250 4773 ¹
286 4738 329 4793 Ex
342 4739 446 4795 codice
460 4738 578 4813 Regeet.
593 4737 636 4814 II,
651 4740 701 4799 iol.
719 4752 776 4811 19r.
