3567 5409
436 511 490 581 ⁶44
812 511 1021 569 Morinum
1046 512 1225 567 torremur

467 664 546 731 Hor
561 663 762 732 finalmente
778 664 823 731 V.
842 665 884 731 R.
904 663 1041 751 procuri
1055 664 1100 731 de
1116 664 1299 733 emendare
1311 677 1326 705 ⁸
1341 664 1365 731 il
1380 664 1462 731 fallo
1474 678 1603 752 penato,

397 788 433 845 et
448 800 521 845 non
537 777 632 845 tratti
647 778 843 848 altrimente
857 780 891 847 la
907 800 1055 866 persona
1070 778 1115 849 de
1132 781 1233 847 Mtto.
1253 780 1419 861 Adriano,
1437 782 1499 847 che
1510 782 1606 852 taret»

397 894 442 961 be
456 895 489 961 la
504 914 567 961 sua
583 894 732 981 propria,
751 917 772 961 o
788 916 872 963 uero
886 895 922 962 d'
942 918 1010 963 una
1025 896 1115 963 delle
1127 916 1273 982 persone
1288 898 1353 963 che
1364 895 1425 983 piri
1436 897 1605 985 importuno

397 1011 463 1077 alla
479 1010 693 1097 Compagnia
715 1021 845 1078 nostra.
871 1012 916 1078 Et
936 1012 1075 1097 quando
1095 1011 1106 1078 i
1122 1010 1244 1080 medici
1265 1011 1532 1100 consiglieranno
1548 1016 1605 1083 ohe

396 1126 477 1193 uadi
493 1148 514 1193 a
529 1126 689 1207 Fiandra,
707 1127 766 1214 gia
781 1128 810 1194 si
826 1130 847 1195 e
862 1127 983 1194 scritto
998 1130 1063 1196 che
1081 1148 1150 1195 non
1166 1128 1196 1194 si
1211 1128 1276 1196 stia
1292 1150 1353 1213 per
1365 1128 1493 1209 danari,
1505 1140 1536 1195 et
1547 1130 1606 1197 che

396 1262 501 1309 senza
517 1242 528 1307 i
555 1260 595 1309 ro
616 1262 642 1317 v
672 1242 792 1311 rertati
810 1242 848 1309 in
871 1242 1022 1324 vinetia,
1045 1242 1074 1309 si
1091 1242 1222 1331 piglino
1241 1244 1318 1311 altri
1334 1262 1416 1311 τοο
1437 1264 1489 1329 30,
1509 1266 1541 1313 se
1561 1266 1607 1312 sa·

395 1377 506 1423 ranno
521 1355 717 1439 necessarii,
733 1368 770 1424 et
780 1378 846 1426 oon
859 1338 912 1424 'un
927 1378 1122 1446 compagno
1137 1380 1157 1426 o
1174 1358 1349 1427 seruidore
1364 1359 1471 1426 fidato
1485 1359 1606 1426 sinan·

394 1471 430 1539 di
445 1472 481 1539 in
496 1484 591 1541 ceste
606 1494 628 1539 0
643 1494 742 1542 come
760 1474 889 1561 meglio
905 1478 1016 1560 parra,
1034 1475 1256 1544 secondoche
1272 1474 1329 1561 gii
1346 1476 1383 1541 fu
1399 1474 1524 1543 scritto.

463 1588 507 1653 Et
523 1598 646 1673 questa
662 1589 784 1657 lettera
800 1587 829 1655 si
847 1588 965 1657 mostri
981 1588 1063 1658 allui
1080 1590 1282 1672 medaeimm
1300 1588 1609 1678 aggiungendoche

397 1702 430 1769 si
445 1703 595 1771 scrinea
611 1704 750 1773 vinetia
766 1706 880 1792 quello
896 1707 963 1773 che
978 1704 1160 1775 conuiene.

462 1819 530 1887 Dio
545 1820 576 1887 ci
593 1820 649 1887 dia
665 1820 887 1889 discrettione
904 1844 924 1887 a
942 1821 1034 1888 tutti.

463 1935 507 2002 Di
525 1936 633 2003 Roma
650 1958 670 2003 a
686 1938 729 2003 28
745 1935 927 2033 denAprile
947 1952 1043 2022 1554.
1128 1922 1131 1927 ’

464 2053 661 2139 Inscriptio.
680 2054 727 2120 Al
740 2055 782 2120 P.
801 2052 995 2119 Pelletario.
1010 2056 1044 2121 A
1061 2054 1214 2121 Ferrara.

822 2307 825 2316 .
958 2234 1065 2316 44⁰3

723 2366 863 2435 parm
886 2368 1090 2438 CAESARt
1114 2364 1298 2436 Hermo

802 2504 891 2547 norm
911 2488 946 2547 28
965 2502 1087 2547 nonnis
1108 2504 1178 2560 1554
1197 2496 1216 2549 ¹.

472 2624 563 2694 Quod
575 2625 657 2680 male
668 2642 737 2681 cum
749 2626 892 2681 Adriano
909 2626 1048 2683 Candido
1062 2626 1171 2699 egerit,
1185 2624 1294 2681 merito
1307 2598 1547 2697 reprehenditur.

463 2780 503 2846 L'
521 2778 722 2847 historia¹de
737 2781 842 2846 Mtro.
860 2778 1042 2846 Adriano·
1061 2777 1091 2844 ei
1108 2780 1152 2845 ha
1167 2777 1250 2844 dato
1269 2776 1401 2863 grande
1420 2774 1611 2863 compassio

396 2916 453 2975 ne,
473 2916 519 2960 no
535 2895 725 2964 solamente
740 2916 801 2981 per
822 2895 936 2981 quello
957 2896 1022 2963 che
1044 2893 1093 2960 lui
1109 2895 1156 2961 ha
1172 2892 1296 2980 patito,
1316 2913 1371 2960 ma
1393 2912 1455 2979 per
1468 2890 1612 2977 hanergti

394 3009 477 3077 dato
491 3010 536 3077 V.
554 3012 595 3078 R.
615 3012 661 3077 tal
677 3032 781 3080 causa
796 3033 867 3078 non
882 3012 906 3076 1’
921 3010 1124 3077 accettando
1135 3010 1192 3076 nel
1203 3007 1363 3095 collegio,
1377 3008 1402 3073 il
1416 3010 1494 3087 che,
1508 3022 1612 3076 emen·

395 3126 441 3191 do
458 3129 560 3194 Mtro.
580 3127 736 3194 Adriano
755 3147 901 3213 persona
925 3137 1023 3193 tanto
1043 3124 1244 3192 conosciuta
1264 3136 1299 3193 et
1319 3142 1455 3210 sempre
1474 3124 1511 3189 di
1530 3130 1613 3189 tanto

395 3240 564 3328 essempio
580 3253 616 3310 et
631 3242 860 3324 edificatione,
879 3262 949 3308 non
964 3242 1102 3308 doueua
1118 3262 1218 3308 vsare
1232 3240 1275 3308 V.
1295 3242 1336 3308 R.
1356 3260 1459 3307 uerso
1475 3238 1535 3319 lui,
1548 3258 1614 3325 per-

397 3358 465 3424 che
481 3357 719 3426 meritamente
734 3358 823 3425 saria
840 3378 940 3444 parso
957 3358 1000 3425 ad
1020 3356 1177 3444 ogniuno
1191 3376 1272 3424 cosa
1286 3356 1485 3423 inhumana.
1511 3356 1552 3421 Et
1565 3354 1615 3419 ha·

397 3474 512 3540 uendo
528 3472 586 3540 noi
602 3474 723 3541 scritto
740 3477 806 3543 che
822 3472 870 3540 lui
886 3474 1021 3543 doueua
1039 3472 1167 3560 partire
1182 3495 1203 3539 a
1219 3472 1378 3552 Fiandra,
1398 3470 1486 3537 assai
1503 3480 1614 3557 poteua

396 3588 575 3657 intendere
591 3590 623 3655 la
641 3592 680 3656 R.
700 3591 745 3656 V.
764 3592 829 3656 che
846 3610 915 3655 non
931 3588 1068 3656 andaua
1088 3609 1192 3657 senza
1213 3587 1362 3655 licentia.
1388 3589 1431 3653 Et
1447 3608 1468 3654 a
1484 3588 1531 3653 tal
1546 3606 1613 3671 per·

396 3725 481 3770 sona
497 3724 596 3771 come
611 3704 661 3770 lui
676 3704 705 3771 si
721 3715 848 3789 poteua
862 3703 965 3772 etiam
987 3704 1140 3786 credere;
1159 3704 1296 3771 almeno
1313 3702 1509 3783 tratenerlo,
1528 3720 1615 3787 spen·

395 3820 509 3886 dendo
524 3820 559 3885 di
575 3820 680 3905 quelli
702 3840 742 3887 ro
762 3837 795 3892 v
805 3818 840 3889 ,ὦ
853 3820 900 3907 (si
916 3823 1002 3887 altro
1017 3840 1087 3886 non
1107 3820 1143 3885 ui
1160 3819 1268 3905 fosse)
1283 3816 1395 3885 insino
1415 3838 1436 3885 a
1452 3828 1547 3885 tanto
1559 3818 1616 3883 che

395 3934 424 4002 si
441 3939 586 4003 hauesse
603 3936 749 4021 risposta
764 3936 799 4003 di
815 3938 970 4015 Ferrara‚
994 3936 1084 4005 doue
1100 3938 1145 4002 ha
1166 3946 1326 4003 manento
1346 3932 1371 4000 il
1387 3936 1427 4001 P.
1445 3928 1615 4003 Pelletario

393 4053 438 4120 de
454 4072 526 4119 non
542 4052 705 4133 sonuere,
724 4065 759 4120 et
776 4054 861 4119 farlo
872 4072 1157 4139 accompagnare.
1174 4054 1232 4120 Ma
1243 4048 1301 4138 gia
1312 4053 1377 4117 che
1393 4048 1442 4115 lui
1456 4051 1545 4118 fosse
1556 4058 1614 4113 sta·

447 4283 462 4310 ²
497 4268 655 4323 amandare
669 4285 724 4323 ms.

449 4468 457 4499 ¹
495 4467 540 4521 Ex
553 4464 656 4521 codice
670 4465 791 4539 Rogest.
805 4465 847 4530 II,
863 4464 915 4521 fol.
929 4464 996 4536 96ν,
1011 4480 1091 4519 vers.
1106 4461 1181 4534 3-15,
1197 4463 1274 4519 inter
1292 4461 1365 4518 alias
1379 4462 1520 4535 epistolas
1532 4460 1575 4517 die
1586 4454 1615 4514 28

394 4553 506 4626 Aprilis
517 4553 612 4622 datar,
625 4572 750 4627 quarum
764 4554 957 4626 praecedens,
976 4552 1012 4607 ad
1026 4553 1060 4612 P.
1079 4552 1270 4607 Pelletarium
1289 4551 1393 4621 missa,
1411 4551 1449 4607 de
1466 4551 1568 4608 eodem
1579 4564 1615 4602 rr·

393 4650 539 4712 gumento
550 4642 624 4713 agit.
1062 4666 1064 4671 ·

447 4731 458 4766 ¹
494 4730 571 4786 Vide
585 4731 740 4805 epistolam
753 4731 947 4805 superiorem.
