3567 5409
386 477 439 534 266
762 478 969 536 norvanum
993 479 1172 536 lanarium

350 651 431 718 gna.
452 632 496 700 V.
515 633 557 700 R.
576 629 699 718 preghi
716 629 853 718 perlui,
868 641 904 701 et
915 631 1019 702 etiam
1032 652 1094 718 per
1105 633 1209 699 Mtro.
1224 631 1355 701 Ceoare
1366 633 1391 711 ⁸,
1406 631 1535 698 rector’
1549 625 1603 696 di

351 747 511 828 Modena‚
524 757 560 815 et
574 767 593 832 3
606 745 683 814 altri
696 745 866 816 sacerdoti
881 745 917 814 di
928 746 1033 834 quelli
1048 747 1166 815 didon
1182 746 1351 816 siluestre
1363 749 1390 826 ⁸,
1404 745 1497 832 quali
1511 756 1602 811 tut·

351 860 377 928 ti
393 883 505 930 sonno
516 861 617 929 morti
628 861 664 929 in
676 861 837 944 Domino,
853 861 1037 932 uiuendoa
1052 862 1114 944 lui,
1128 883 1227 930 come
1241 861 1423 949 speriamo,
1438 862 1474 929 in
1485 883 1599 930 sem-

351 977 499 1065 piterno.
961 970 963 973 ’

417 1095 616 1184 Inscriptio.
639 1095 765 1182 Parigi.
787 1097 853 1163 Per
869 1095 939 1162 don
957 1094 1132 1162 Pascasio.

926 1275 1022 1356 4124

447 1407 589 1476 PATRI
613 1409 901 1477 HIERONYMO
924 1409 1221 1478 DOMENECCO
1248 1411 1309 1476 EX
1333 1407 1485 1477 COMM.

686 1537 689 1544 '
743 1543 832 1588 noun
853 1544 865 1588 1
886 1544 1058 1589 eusanium
1079 1544 1149 1603 ¹55⁴
1167 1517 1188 1587 ¹ss

350 1665 511 1737 Quaesitis
519 1635 543 1720 ri
551 1663 710 1733 concreto,
722 1655 900 1729 &metensi
911 1666 1044 1731 nomine,
1054 1683 1091 1722 en
1098 1665 1209 1722 ordine
1221 1665 1474 1738 responden-lte
1482 1666 1578 1722 lectio
1585 1693 1598 1708 ·

403 1771 440 1810 ne
461 1753 582 1810 Vivisel
599 1753 832 1813 Terentii-De
844 1754 963 1810 Achille
977 1755 1012 1810 in
1029 1753 1169 1810 Melitam
1185 1755 1228 1809 ad
1244 1759 1361 1827 tempus
1379 1755 1537 1819 mittenda,
1555 1761 1596 1811 et

401 1845 439 1899 de
451 1843 578 1918 collegio
590 1844 700 1900 ἰὸίἀινη
712 1843 977 1916 fundam-De
989 1844 1181 1918 castigandis
1193 1846 1312 1917 pueris,
1330 1845 1447 1900 scholas
1462 1848 1595 1900 nostras

394 1931 676 2005 frequentantibus.
687 1963 708 1974 -
715 1931 767 1988 Del
774 1931 1055 2005 reprehensionibus
1067 1935 1102 1989 in
1110 1933 1234 2006 publica
1245 1951 1351 1989 mensa
1365 1934 1481 1989 Rornae
1494 1949 1594 1989 usur·-

398 2023 493 2095 palis.
501 2021 578 2078 -De
590 2023 728 2078 ministri
737 2025 884 2094 potestate
895 2023 979 2078 circa
991 2027 1120 2088 nostros,
1132 2023 1225 2078 eliam
1233 2021 1593 2080 martores-Decea-

396 2111 521 2184 piendis
533 2110 810 2168 condicione-De
827 2110 1048 2168 distribuendis
1072 2112 1170 2186 Vagae
1182 2113 1327 2185 proregis
1342 2111 1591 2183 eleemosynis.-

400 2201 449 2256 De
469 2201 629 2258 Socielmn
648 2199 922 2256 constitutionibus
937 2203 1074 2256 nondum
1088 2201 1177 2273 prelo
1192 2199 1426 2273 subponit—De
1444 2201 1526 2257 iadis
1541 2203 1591 2256 ad

400 2291 502 2346 animi
519 2290 741 2348 relaxationem
757 2289 996 2346 adhibitis-De
1013 2291 1203 2347 concionibus
1220 2291 1255 2346 in
1266 2291 1342 2364 foro
1359 2290 1590 2364 publica-De

396 2381 516 2452 pueris,
530 2381 583 2451 qui
594 2379 696 2452 legere
713 2379 863 2448 nesciunt,
879 2381 923 2435 ad
939 2385 1062 2436 nostras
1077 2380 1193 2437 scholas
1209 2379 1506 2437 admittendis-De
1513 2379 1588 2453 sre-

398 2469 504 2542 quenti
516 2469 719 2525 eucharistiae
730 2469 1010 2540 susceptione-De
1028 2487 1086 2525 usu
1098 2469 1196 2525 latine
1212 2469 1457 2541 loquendi-De
1473 2471 1587 2526 ordine

400 2558 524 2633 collegii
536 2558 756 2615 romani-De
767 2557 952 2614 abstinentia
958 2559 1064 2632 feriae
1075 2560 1273 2615 mutae-De
1282 2563 1429 2631 potestate
1438 2559 1588 2631 recipien-

400 2649 434 2705 di
446 2649 626 2705 candidatos
638 2648 680 2703 ad
698 2647 1003 2706 Societatem-Alia
1019 2647 1259 2720 respuerem-De
1280 2647 1417 2704 Guttano
1428 2664 1465 2703 ex
1481 2651 1585 2703 lurca-

400 2753 472 2792 rum
485 2737 630 2792 seruitute
648 2735 922 2792 redimenda-De
938 2737 1067 2808 optimis
1079 2736 1214 2810 Joannis
1238 2737 1337 2810 Vagae
1354 2735 1587 2792 decretis-De

401 2826 582 2898 quibresdam
596 2826 684 2882 sociis
698 2842 758 2882 non
770 2825 812 2882 od
824 2831 962 2882 exactam
973 2827 1156 2899 regularum
1169 2826 1396 2883 observantiam
1406 2842 1506 2881 mores
1514 2841 1587 2880 suos

254 2871 256 2878 ‹
316 2940 319 2948 ·
400 2914 746 2988 componentibus-De
759 2915 828 2971 bene
840 2915 952 2990 coeptis
967 2917 1052 2986 apud
1064 2913 1173 2987 Mylas,
1187 2921 1216 2972 et
1228 2917 1265 2972 de
1282 2915 1469 2974 uinea—De
1479 2915 1586 2970 Domi·

399 3006 467 3062 nico
482 3005 562 3061 Rina
573 3005 615 3060 ad
627 3005 855 3060 conscribendos
872 3005 966 3061 socios
980 3009 1039 3077 pro
1059 3005 1169 3063 Sicilia
1187 3007 1221 3061 in
1237 3005 1426 3076 Hispaniam
1443 3005 1585 3060 misso.-

402 3094 449 3151 De
472 3093 729 3152 Ambrosia—De
738 3093 863 3165 Joonne
880 3093 1014 3150 Antonio
1031 3095 1238 3168 neapolitano.
1248 3093 1324 3150 -De
1340 3093 1518 3165 accipienda
1531 3099 1584 3166 pe·

403 3185 496 3241 cunin
509 3201 578 3240 cam
591 3185 705 3239 domm
717 3183 905 3239 sortis-De
918 3183 1031 3242 titteris
1040 3184 1212 3240 Alexandri
1223 3184 1413 3241 Francescloi:
1424 3182 1586 3256 ejrnfiiius

403 3275 533 3330 Romam
546 3274 720 3330 arcessitur.
770 3299 776 3307 ·

417 3412 490 3476 Pax
502 3408 645 3476 Christi.

414 3515 610 3584 Habbiamo
626 3515 785 3584 riceuuto
801 3516 906 3582 moite
921 3516 1043 3583 lettere
1057 3515 1200 3585 insieme
1215 3518 1259 3584 de
1280 3514 1433 3585 Messian
1454 3526 1491 3584 et
1516 3517 1582 3584 Pa·

349 3633 457 3701 lermo
480 3631 561 3700 delli
582 3631 704 3698 rectori
724 3631 760 3696 di
781 3630 885 3715 quelli
907 3630 1043 3718 collegii
1065 3631 1091 3712 ¹,
1116 3643 1152 3700 et
1166 3633 1379 3718 respondero
1399 3631 1435 3697 in
1457 3642 1584 3717 questa

402 3847 414 3880 ⁸
450 3839 560 3901 Caesar
574 3847 756 3914 Aversanue,
770 3845 820 3917 qui
833 3845 912 3900 diem
926 3862 1096 3918 supremum
1109 3846 1238 3902 obierat.

402 3939 413 3970 ⁸
451 3935 595 3990 Silvester
613 3933 774 4004 Londinus,
791 3934 842 4006 qui
860 3951 928 3990 cum
946 3934 1049 3990 ltaliae
1067 3935 1191 4008 populos
1208 3935 1413 3991 concionando
1431 3936 1584 4007 lustraret,

350 4023 494 4080 Societati
509 4025 574 4096 pios
588 4023 698 4096 aliquot
711 4023 881 4079 sacerdotes
895 4023 1041 4094 adjunxit.

400 4169 407 4199 ¹
447 4169 491 4223 Ex
503 4167 607 4223 codice
620 4167 739 4240 Regest.
752 4165 798 4234 II,
811 4165 842 4222 ii.
855 4179 949 4236 44·45.
965 4166 1168 4239 Paragraphus
1180 4165 1218 4222 de
1232 4168 1363 4224 lectione
1376 4167 1464 4224 Vivis
1477 4175 1508 4223 et
1521 4169 1586 4222 Te·

346 4256 434 4312 rentii
447 4266 545 4312 exstat
557 4257 587 4312 in
603 4255 676 4312 Cod.
691 4255 810 4312 Monac.
826 4254 935 4328 lJ,f01.
951 4267 1015 4322 nv,
1030 4257 1104 4312 etin
1119 4254 1192 4313 Coei.
1208 4257 1296 4313 Rom.
1316 4258 1366 4314 VI.

398 4349 410 4381 ¹
447 4345 556 4402 Rector
574 4343 694 4417 collegii
712 4344 912 4400 messanensis
933 4342 1029 4400 iuerat
1048 4343 1251 4418 superioribus
1272 4347 1359 4402 annis
1381 4346 1414 4404 P.
1434 4345 1587 4402 Antonius

346 4435 502 4504 Vincirius,
515 4436 622 4508 donec,
636 4443 796 4508 expetente
809 4453 887 4491 anno
903 4433 972 4504 1553
986 4435 1155 4492 Elisabetha
1165 4437 1250 4508 Vega
1264 4447 1297 4492 ut
1307 4438 1389 4494 iilum
1400 4447 1452 4509 aut
1462 4438 1496 4494 P.
1510 4437 1585 4492 Pnu-

345 4528 405 4581 ium
419 4527 577 4594 Achillem,
592 4525 787 4599 panormitani
800 4525 921 4594 collegii
934 4524 1159 4599 moderatorem,
1174 4528 1319 4584 Biboncm
1331 4527 1369 4583 cd
1386 4544 1420 4583 se
1438 4526 1585 4596 mitteret,

346 4615 489 4672 Vinckius
511 4617 646 4671 Messana
663 4615 789 4671 eductus
806 4623 853 4670 est
871 4623 903 4668 et
920 4613 1063 4670 Bibonam
1081 4615 1260 4689 destinatus,
1274 4616 1404 4690 indeque
1422 4616 1479 4672 alia
1492 4616 1585 4672 etiarn

344 4705 451 4779 oppida
465 4707 652 4765 lustraturus.
668 4703 835 4760 Mamertini
849 4719 920 4758 vero
932 4704 1052 4774 collegii
1064 4707 1242 4776 gubernatio
1261 4705 1404 4762 Annibali
1420 4705 1584 4776 Coudreto‚
