3567 5409
763 461 987 517 nononnnm
1013 459 1191 515 lonnrrrmr

946 616 1027 698 4119

554 749 693 817 PATRI
718 748 943 816 PHILIPPO
969 749 1154 816 LEERNO
1179 747 1241 814 EX
1265 745 1417 813 COMM.

781 885 870 928 norm
884 885 920 943 29
931 884 1077 940 Jnnornrr
1093 883 1162 942 1554
1175 874 1194 930 ¹.

370 1018 413 1075 Do
420 1015 555 1090 joannis
569 1015 731 1072 Laurentii
742 1013 948 1071 concionibus:
954 1015 1082 1087 jubetur
1094 1016 1226 1087 episcopi
1243 1012 1396 1070 voluntati
1406 1012 1607 1082 acquimere.

421 1107 653 1176 -Quoticliana
667 1121 818 1162 nonarum
831 1103 979 1177 consessio
991 1106 1197 1176 quarumdam
1211 1110 1416 1176 personantia
1429 1119 1491 1156 non
1504 1100 1609 1172 placet

422 1194 557 1268 ignauo,
571 1196 622 1252 sod
635 1195 737 1267 magis
748 1194 986 1249 hebdomadaria
997 1198 1027 1250 ct
1040 1194 1329 1253 brevis-Praestat
1339 1197 1384 1256 at,
1393 1191 1448 1263 qai
1459 1188 1608 1246 exercitia

401 1267 404 1275 ¹
423 1283 607 1356 spiritualia
617 1285 788 1357 peragunt,
800 1283 842 1338 ad
854 1281 1000 1355 ternplum
1012 1289 1150 1338 nostrum
1160 1282 1296 1350 veniant,
1305 1298 1395 1353 qnam
1409 1286 1443 1335 at
1453 1279 1553 1334 nostri
1565 1279 1610 1333 ad

380 1382 387 1399 ·
422 1390 528 1429 coram
537 1373 719 1432 ccam—'De
729 1388 830 1444 coquo.
839 1373 916 1427 -Dc
927 1372 1058 1445 legenda
1070 1390 1090 1427 o
1106 1372 1221 1430 Lccrno
1232 1371 1374 1427 doctrina
1385 1370 1608 1426 christiana.-

424 1462 471 1518 Do
488 1463 705 1532 comparandis
722 1459 906 1516 libris-Dc
922 1461 1116 1535 corrigendis
1131 1459 1384 1533 discipulis-Dc
1396 1476 1542 1514 mensura
1559 1477 1610 1512 ro·

423 1569 529 1608 mana.

440 1689 512 1754 Pax
529 1684 672 1754 Christi.

438 1804 477 1870 L'
496 1803 582 1868 altra
598 1801 779 1869 set'timana
794 1801 832 1869 iu
848 1801 968 1869 scritto
983 1826 1004 1872 a
1019 1804 1065 1872 V.
1083 1804 1124 1870 R.
1143 1803 1170 1884 ¹,
1188 1799 1406 1868 mandandoli
1422 1821 1469 1866 vn
1479 1797 1603 1866 Direc·

374 1917 474 1986 torio.

434 2038 534 2121 Dopo
556 2033 775 2104 rieeuessimo
796 2035 910 2120 quelle
930 2037 974 2101 de
998 2053 1049 2122 193
1073 2045 1108 2100 et
1128 2045 1258 2119 quanto
1284 2034 1350 2102 alle
1377 2033 1539 2120 prediche
1559 2033 1606 2099 de

373 2153 476 2242 Mtro.
490 2148 629 2219 Giouan
642 2151 797 2219 Lorenzo
814 2151 839 2230 ³,
858 2171 927 2217 non
943 2171 1025 2238 pare
1041 2149 1071 2216 si
1086 2148 1257 2218 debbiano
1276 2148 1471 2216 conuertire
1491 2147 1527 2214 in
1551 2149 1604 2217 le-

371 2265 489 2348 ctioni3
507 2276 543 2334 et
558 2265 589 2332 si
604 2269 702 2353 potr&
716 2267 778 2332 dar
798 2287 859 2353 per
878 2287 984 2336 causa
1005 2287 1075 2332 non
1091 2266 1185 2333 voler
1199 2263 1413 2333 contentioni
1428 2276 1495 2332 etc.
1513 2265 1563 2332 Se
1583 2285 1605 2329 a

369 2380 569 2468 monsignor
580 2381 605 2447 il
617 2402 766 2450 vescouo
779 2382 791 2414 ⁸
805 2385 924 2468 pareri
936 2383 1001 2448 che
1013 2381 1138 2448 debbia
1149 2379 1317 2468 seguitar'
1329 2379 1353 2447 il
1364 2379 1553 2467 predicare,
1569 2381 1620 2447 lo.

369 2497 488 2579 saccia;
503 2519 635 2579 senon,
649 2495 791 2564 intutto
807 2499 836 2564 s'
854 2496 1032 2566 accomodi
1047 2498 1114 2564 alla
1129 2497 1267 2563 volonti
1284 2495 1318 2563 di
1334 2498 1373 2566 S.
1393 2495 1481 2566 Sria.
1498 2498 1602 2564 Rma.

437 2613 503 2682 Del
519 2609 705 2680 contessar'
723 2611 806 2699 ogni
822 2613 946 2699 giorno
962 2613 1074 2697 quelle
1090 2633 1236 2699 persone
1255 2611 1389 2694 diuote,
1406 2633 1474 2677 non
1488 2633 1572 2698 pare
1583 2633 1605 2678 a

368 2728 414 2796 N.
439 2730 480 2795 P.
503 2727 553 2794 sia
575 2739 696 2814 troppo
717 2729 784 2794 ben
805 2747 906 2814 speso
926 2728 950 2794 il
971 2740 1098 2815 tempo.
1121 2729 1275 2797 Sarebbe
1292 2726 1418 2814 meglio
1436 2728 1527 2794 forsa
1540 2728 1602 2793 ch'

369 2864 436 2910 vna
454 2845 546 2911 uolta
562 2844 594 2910 la
610 2843 793 2912 settimana
808 2843 837 2910 si
853 2843 1119 2924 confessassino,
1137 2856 1173 2912 et
1187 2865 1254 2911 con
1274 2844 1308 2910 la
1329 2842 1462 2912 breuiti
1483 2843 1552 2909 ohe
1572 2842 1604 2908 si

368 2957 508 3045 potessi‚
526 2979 624 3025 come
640 2961 696 3028 nel
713 2959 907 3028 Directorio
924 2961 1188 3043 uederann03et
1209 2982 1268 3046 per
1289 2961 1362 3027 dar’
1388 2959 1411 3024 li
1431 2956 1602 3027 essercitii

367 3094 438 3141 non
457 3095 537 3157 pare
552 3075 785 3142 conueniente
801 3060 898 3142 tinto
915 3076 939 3140 l'
956 3076 1074 3142 andar'
1092 3098 1113 3141 a
1128 3095 1208 3144 casa
1224 3076 1309 3156 loro,
1327 3086 1456 3161 quanto
1471 3097 1510 3144 se
1526 3075 1603 3141 loro

370 3208 555 3258 uencssero
570 3190 635 3258 alla
651 3190 779 3258 chiesa.

434 3305 471 3373 Si
488 3305 640 3374 scriueri
658 3329 678 3374 a
691 3308 719 3373 F
720 3307 860 3374 iorerrza
872 3306 907 3372 di
920 3307 1063 3373 mandar
1074 3308 1211 3392 qualch’
1225 3328 1293 3374 vno
1305 3309 1362 3373 ch’
1375 3305 1521 3394 aggiuti3
1535 3328 1604 3393 pur

368 3421 566 3488 trouandosi
582 3423 721 3506 qualch'
739 3443 808 3488 vno
823 3421 857 3488 di
875 3422 964 3489 fuori
981 3444 1042 3508 per
1057 3423 1090 3488 la
1104 3422 1239 3503 cocina,
1258 3422 1316 3510 git
1336 3424 1383 3488 ho
1404 3421 1524 3488 scritto
1545 3443 1602 3488 sa·

368 3537 475 3606 rebbe
491 3535 631 3624 meglio,
651 3539 715 3605 che
731 3557 880 3624 occupar
899 3536 923 3602 li
941 3537 1063 3605 fratelli
1079 3539 1186 3605 nostri
1202 3537 1238 3604 in
1254 3537 1314 3605 tali
1329 3537 1439 3607 offitii.

434 3654 483 3721 La
499 3652 657 3720 doctrina
673 3652 811 3740 xpiana.
830 3654 909 3740 lega
926 3654 969 3721 V.
990 3655 1033 3722 R.
1051 3653 1087 3719 in
1103 3655 1209 3722 buon’
1227 3657 1324 3734 hora,
1348 3655 1413 3720 ohe
1431 3674 1493 3740 per
1513 3673 1601 3738 que-

368 3780 422 3836 sta
438 3781 472 3837 et
490 3769 634 3856 magiori
650 3789 732 3836 cose
747 3771 781 3836 lo
798 3769 946 3837 teniamo
961 3780 1046 3836 atto.

432 3884 522 3952 Delli
539 3885 615 3950 libri
632 3885 661 3952 si
678 3885 832 3971 facciano
850 3886 1040 3971 prouedere
1056 3907 1155 3954 corne
1170 3885 1298 3972 meglio
1314 3883 1338 3950 li
1354 3885 1485 3972 pareri.

434 4000 523 4068 Delli
540 4000 679 4086 giouani
697 3999 854 4068 scorretti
871 4023 909 4068 se
925 4000 1008 4088 pigli
1025 3999 1049 4067 il
1065 4000 1209 4087 meglior
1226 4021 1322 4067 mezo
1334 4003 1389 4067 ch'
1405 4004 1598 4083 occorrerir,

365 4119 465 4185 iuora
480 4119 524 4184 de
540 4115 714 4204 castigarli
730 4138 797 4183 oon
811 4117 844 4182 la
860 4137 962 4183 mano
979 4137 1041 4183 sua
1057 4117 1181 4185 alcuno
1196 4116 1276 4184 delli
1294 4115 1413 4182 nostri.
1430 4118 1601 4185 Occorre·

369 4257 576 4268 ——..-—-

419 4335 426 4367 ¹
466 4333 509 4386 Ex
522 4331 624 4386 codice
640 4331 757 4404 chcst.
774 4329 815 4397 II,
835 4329 864 4385 ff.
885 4329 1014 4398 39v·40r.
1036 4329 1152 4399 Psrngr.
1171 4327 1209 4382 de
1226 4327 1414 4384 confessione
1427 4327 1601 4401 quotidiano

365 4429 463 4476 exstat
476 4421 506 4475 in
522 4419 594 4480 Coa.
609 4420 727 4476 Monac.
745 4419 783 4487 ll,
799 4418 849 4476 fol.
866 4431 932 4490 izv,
946 4427 977 4474 et
990 4419 1020 4473 in
1036 4417 1108 4476 Cod.
1125 4419 1213 4474 Rom.
1235 4417 1284 4472 Vl.

418 4508 431 4541 ⁸
466 4510 598 4582 Epistola
612 4511 695 4579 4088.

419 4599 430 4632 ⁸
466 4599 597 4668 Joannes
612 4599 789 4654 Laurentius
803 4597 840 4653 de
854 4597 1011 4653 Potarinis.

419 4689 428 4721 ‘
466 4687 612 4757 Aegidius
626 4687 825 4756 Foscnrarius,
839 4685 877 4746 Ο.
892 4688 926 4742 P.
