<?xml version="1.0" encoding="UTF-8"?>
<!DOCTYPE html PUBLIC "-//W3C//DTD XHTML 1.0 Transitional//EN"
    "http://www.w3.org/TR/xhtml1/DTD/xhtml1-transitional.dtd">
<html xmlns="http://www.w3.org/1999/xhtml" xml:lang="en" lang="en">
 <head>
  <title>
</title>
<meta http-equiv="Content-Type" content="text/html;charset=utf-8" />
  <meta name='ocr-system' content='tesseract 3.04.00' />
  <meta name='ocr-capabilities' content='ocr_page ocr_carea ocr_par ocr_line ocrx_word'/>
</head>
<body>
  <div class='ocr_page' id='page_1' title='image "./monumentaignati01ignagoog_0717.png"; bbox 0 0 3567 5409; ppageno 0'>
   <div class='ocr_carea' id='block_1_1' title="bbox 598 532 1411 600">
    <p class='ocr_par' dir='ltr' id='par_1_1' title="bbox 598 532 1411 600">
     <span class='ocr_line' id='line_1_1' title="bbox 598 532 1411 600; baseline -0.004 -13"><span class='ocrx_word' id='word_1_1' title='bbox 598 534 703 587; x_wconf 79' lang='lat' dir='ltr'><strong>Errsr.</strong></span> <span class='ocrx_word' id='word_1_2' title='bbox 724 544 877 600; x_wconf 72' lang='lat'>4454-15</span> <span class='ocrx_word' id='word_1_3' title='bbox 899 532 978 596; x_wconf 76' lang='lat' dir='ltr'><strong>Mart</strong></span> <span class='ocrx_word' id='word_1_4' title='bbox 999 543 1068 599; x_wconf 79' lang='lat'>1554</span> <span class='ocrx_word' id='word_1_5' title='bbox 1361 542 1411 597; x_wconf 89' lang='lat'><strong>711</strong></span> 
     </span>
    </p>
   </div>
   <div class='ocr_carea' id='block_1_2' title="bbox 209 682 1448 2273">
    <p class='ocr_par' dir='ltr' id='par_1_2' title="bbox 212 682 1448 1347">
     <span class='ocr_line' id='line_1_2' title="bbox 214 682 1448 769; baseline 0 -21"><span class='ocrx_word' id='word_1_6' title='bbox 214 684 247 748; x_wconf 88' lang='lat' dir='ltr'><strong>al</strong></span> <span class='ocrx_word' id='word_1_7' title='bbox 267 686 305 749; x_wconf 91' lang='lat' dir='ltr'><strong>P.</strong></span> <span class='ocrx_word' id='word_1_8' title='bbox 325 686 369 751; x_wconf 90' lang='lat' dir='ltr'><strong>D.</strong></span> <span class='ocrx_word' id='word_1_9' title='bbox 389 682 555 763; x_wconf 86' lang='lat' dir='ltr'><strong>Antonio,</strong></span> <span class='ocrx_word' id='word_1_10' title='bbox 575 706 642 768; x_wconf 89' lang='lat' dir='ltr'><strong>que</strong></span> <span class='ocrx_word' id='word_1_11' title='bbox 660 706 784 752; x_wconf 89' lang='lat' dir='ltr'><strong>mueue</strong></span> <span class='ocrx_word' id='word_1_12' title='bbox 801 690 820 749; x_wconf 75' lang='lat' dir='ltr'><strong>a</strong></span> <span class='ocrx_word' id='word_1_13' title='bbox 838 704 1001 769; x_wconf 80' lang='lat' dir='ltr'><strong>procurat</strong></span> <span class='ocrx_word' id='word_1_14' title='bbox 1021 693 1095 751; x_wconf 86' lang='lat' dir='ltr'><strong>esta</strong></span> <span class='ocrx_word' id='word_1_15' title='bbox 1111 705 1203 764; x_wconf 86' lang='lat' dir='ltr'><strong>cosa,</strong></span> <span class='ocrx_word' id='word_1_16' title='bbox 1227 706 1249 768; x_wconf 93' lang='lat' dir='ltr'>y</span> <span class='ocrx_word' id='word_1_17' title='bbox 1265 683 1316 749; x_wconf 89' lang='lat' dir='ltr'><strong>las</strong></span> <span class='ocrx_word' id='word_1_18' title='bbox 1330 682 1448 749; x_wconf 78' lang='lat' dir='ltr'><strong>demas</strong></span> 
     </span>
     <span class='ocr_line' id='line_1_3' title="bbox 214 799 1447 885; baseline -0.002 -20"><span class='ocrx_word' id='word_1_19' title='bbox 214 800 345 883; x_wconf 88' lang='lat' dir='ltr'><strong>ayudas</strong></span> <span class='ocrx_word' id='word_1_20' title='bbox 361 822 429 883; x_wconf 88' lang='lat' dir='ltr'><strong>que</strong></span> <span class='ocrx_word' id='word_1_21' title='bbox 446 801 490 865; x_wconf 86' lang='lat' dir='ltr'><strong>da</strong></span> <span class='ocrx_word' id='word_1_22' title='bbox 506 802 549 867; x_wconf 83' lang='lat' dir='ltr'><strong>V‘.</strong></span> <span class='ocrx_word' id='word_1_23' title='bbox 569 802 659 868; x_wconf 87' lang='lat' dir='ltr'><strong>Sria.</strong></span> <span class='ocrx_word' id='word_1_24' title='bbox 679 821 761 885; x_wconf 87' lang='lat' dir='ltr'><strong>para</strong></span> <span class='ocrx_word' id='word_1_25' title='bbox 777 820 844 884; x_wconf 86' lang='lat' dir='ltr'><strong>que</strong></span> <span class='ocrx_word' id='word_1_26' title='bbox 866 821 954 884; x_wconf 87' lang='lat' dir='ltr'><strong>uaya</strong></span> <span class='ocrx_word' id='word_1_27' title='bbox 971 801 1129 867; x_wconf 88' lang='lat' dir='ltr'><strong>adelante</strong></span> <span class='ocrx_word' id='word_1_28' title='bbox 1143 820 1219 866; x_wconf 85' lang='lat' dir='ltr'><strong>essa</strong></span> <span class='ocrx_word' id='word_1_29' title='bbox 1240 799 1324 865; x_wconf 88' lang='lat' dir='ltr'><strong>obra</strong></span> <span class='ocrx_word' id='word_1_30' title='bbox 1346 819 1389 864; x_wconf 93' lang='lat' dir='ltr'><strong>en</strong></span> <span class='ocrx_word' id='word_1_31' title='bbox 1406 820 1447 864; x_wconf 90' lang='lat' dir='ltr'><strong>su</strong></span> 
     </span>
     <span class='ocr_line' id='line_1_4' title="bbox 213 906 1447 1001; baseline 0.002 -22"><span class='ocrx_word' id='word_1_32' title='bbox 213 914 333 981; x_wconf 92' lang='lat' dir='ltr'><strong>diuino</strong></span> <span class='ocrx_word' id='word_1_33' title='bbox 349 916 509 985; x_wconf 83' lang='lat' dir='ltr'><strong>seruicio.</strong></span> <span class='ocrx_word' id='word_1_34' title='bbox 527 906 602 981; x_wconf 89' lang='lat' dir='ltr'><strong>Con</strong></span> <span class='ocrx_word' id='word_1_35' title='bbox 620 926 693 981; x_wconf 88' lang='lat' dir='ltr'><strong>esto</strong></span> <span class='ocrx_word' id='word_1_36' title='bbox 710 938 756 1001; x_wconf 90' lang='lat' dir='ltr'><strong>yo</strong></span> <span class='ocrx_word' id='word_1_37' title='bbox 773 916 822 981; x_wconf 86' lang='lat' dir='ltr'><strong>les</strong></span> <span class='ocrx_word' id='word_1_38' title='bbox 839 918 884 982; x_wconf 93' lang='lat' dir='ltr'><strong>be</strong></span> <span class='ocrx_word' id='word_1_39' title='bbox 900 915 1004 981; x_wconf 94' lang='lat' dir='ltr'><strong>dicho</strong></span> <span class='ocrx_word' id='word_1_40' title='bbox 1020 937 1101 999; x_wconf 84' lang='lat' dir='ltr'><strong>que,</strong></span> <span class='ocrx_word' id='word_1_41' title='bbox 1120 915 1149 981; x_wconf 92' lang='lat' dir='ltr'><strong>si</strong></span> <span class='ocrx_word' id='word_1_42' title='bbox 1164 938 1208 983; x_wconf 89' lang='lat' dir='ltr'><strong>en</strong></span> <span class='ocrx_word' id='word_1_43' title='bbox 1225 915 1304 999; x_wconf 86' lang='lat' dir='ltr'><strong>algo</strong></span> <span class='ocrx_word' id='word_1_44' title='bbox 1325 914 1447 999; x_wconf 91' lang='lat' dir='ltr'><strong>podre-</strong></span> 
     </span>
     <span class='ocr_line' id='line_1_5' title="bbox 214 1029 1444 1117; baseline 0.001 -21"><span class='ocrx_word' id='word_1_45' title='bbox 214 1053 288 1097; x_wconf 90' lang='lat' dir='ltr'><strong>mos</strong></span> <span class='ocrx_word' id='word_1_46' title='bbox 305 1034 446 1115; x_wconf 90' lang='lat' dir='ltr'><strong>ayudar‚</strong></span> <span class='ocrx_word' id='word_1_47' title='bbox 471 1054 515 1097; x_wconf 94' lang='lat' dir='ltr'><strong>no</strong></span> <span class='ocrx_word' id='word_1_48' title='bbox 538 1032 744 1111; x_wconf 75' lang='lat' dir='ltr'><strong>irritaremus,</strong></span> <span class='ocrx_word' id='word_1_49' title='bbox 768 1032 837 1098; x_wconf 78' lang='lat' dir='ltr'><strong>alo</strong></span> <span class='ocrx_word' id='word_1_50' title='bbox 857 1052 977 1099; x_wconf 90' lang='lat' dir='ltr'><strong>menos</strong></span> <span class='ocrx_word' id='word_1_51' title='bbox 993 1052 1055 1117; x_wconf 93' lang='lat' dir='ltr'><strong>por</strong></span> <span class='ocrx_word' id='word_1_52' title='bbox 1073 1031 1251 1111; x_wconf 87' lang='lat' dir='ltr'><strong>uoluntad;</strong></span> <span class='ocrx_word' id='word_1_53' title='bbox 1276 1029 1354 1097; x_wconf 90' lang='lat' dir='ltr'><strong>bien</strong></span> <span class='ocrx_word' id='word_1_54' title='bbox 1376 1052 1444 1115; x_wconf 90' lang='lat' dir='ltr'><strong>que</strong></span> 
     </span>
     <span class='ocr_line' id='line_1_6' title="bbox 212 1146 1443 1232; baseline 0 -21"><span class='ocrx_word' id='word_1_55' title='bbox 212 1170 258 1213; x_wconf 94' lang='lat' dir='ltr'><strong>no</strong></span> <span class='ocrx_word' id='word_1_56' title='bbox 273 1169 410 1213; x_wconf 88' lang='lat' dir='ltr'><strong>usamos</strong></span> <span class='ocrx_word' id='word_1_57' title='bbox 423 1157 696 1215; x_wconf 88' lang='lat' dir='ltr'><strong>entremeternos</strong></span> <span class='ocrx_word' id='word_1_58' title='bbox 711 1158 724 1186; x_wconf 78' lang='lat'><strong>⁰</strong></span> <span class='ocrx_word' id='word_1_59' title='bbox 740 1168 782 1214; x_wconf 91' lang='lat' dir='ltr'><strong>en</strong></span> <span class='ocrx_word' id='word_1_60' title='bbox 799 1146 1006 1231; x_wconf 78' lang='lat' dir='ltr'><strong>semejantes</strong></span> <span class='ocrx_word' id='word_1_61' title='bbox 1023 1146 1197 1232; x_wconf 79' lang='lat' dir='ltr'><strong>negociOS,</strong></span> <span class='ocrx_word' id='word_1_62' title='bbox 1216 1167 1283 1230; x_wconf 88' lang='lat' dir='ltr'><strong>que</strong></span> <span class='ocrx_word' id='word_1_63' title='bbox 1300 1166 1443 1230; x_wconf 88' lang='lat' dir='ltr'><strong>parezen</strong></span> 
     </span>
     <span class='ocr_line' id='line_1_7' title="bbox 214 1262 858 1347; baseline 0.003 -18"><span class='ocrx_word' id='word_1_64' title='bbox 214 1264 422 1347; x_wconf 89' lang='lat' dir='ltr'><strong>appartados</strong></span> <span class='ocrx_word' id='word_1_65' title='bbox 438 1263 481 1330; x_wconf 89' lang='lat' dir='ltr'><strong>de</strong></span> <span class='ocrx_word' id='word_1_66' title='bbox 497 1274 638 1329; x_wconf 90' lang='lat' dir='ltr'><strong>nuestra</strong></span> <span class='ocrx_word' id='word_1_67' title='bbox 655 1262 858 1347; x_wconf 78' lang='lat' dir='ltr'><strong>profession.</strong></span> 
     </span>
    </p>

    <p class='ocr_par' dir='ltr' id='par_1_3' title="bbox 209 1377 1446 2273">
     <span class='ocr_line' id='line_1_8' title="bbox 280 1377 1441 1463; baseline -0.002 -19"><span class='ocrx_word' id='word_1_68' title='bbox 280 1382 413 1445; x_wconf 87' lang='lat' dir='ltr'><strong>Acerca</strong></span> <span class='ocrx_word' id='word_1_69' title='bbox 424 1380 468 1447; x_wconf 89' lang='lat' dir='ltr'><strong>de</strong></span> <span class='ocrx_word' id='word_1_70' title='bbox 481 1380 513 1444; x_wconf 96' lang='lat' dir='ltr'><strong>lo</strong></span> <span class='ocrx_word' id='word_1_71' title='bbox 530 1400 597 1463; x_wconf 92' lang='lat' dir='ltr'><strong>que</strong></span> <span class='ocrx_word' id='word_1_72' title='bbox 614 1380 657 1445; x_wconf 90' lang='lat' dir='ltr'><strong>V.</strong></span> <span class='ocrx_word' id='word_1_73' title='bbox 674 1381 760 1447; x_wconf 90' lang='lat' dir='ltr'><strong>Srla.</strong></span> <span class='ocrx_word' id='word_1_74' title='bbox 780 1378 893 1445; x_wconf 88' lang='lat' dir='ltr'><strong>scriue</strong></span> <span class='ocrx_word' id='word_1_75' title='bbox 910 1379 953 1445; x_wconf 90' lang='lat' dir='ltr'><strong>de</strong></span> <span class='ocrx_word' id='word_1_76' title='bbox 966 1378 1112 1445; x_wconf 89' lang='lat' dir='ltr'><strong>ordenar</strong></span> <span class='ocrx_word' id='word_1_77' title='bbox 1128 1380 1160 1444; x_wconf 90' lang='lat' dir='ltr'><strong>al</strong></span> <span class='ocrx_word' id='word_1_78' title='bbox 1175 1380 1214 1443; x_wconf 89' lang='lat' dir='ltr'><strong>P.</strong></span> <span class='ocrx_word' id='word_1_79' title='bbox 1230 1377 1441 1445; x_wconf 74' lang='lat' dir='ltr'><strong>Francisco¹</strong></span> 
     </span>
     <span class='ocr_line' id='line_1_9' title="bbox 212 1494 1446 1579; baseline 0 -20"><span class='ocrx_word' id='word_1_80' title='bbox 212 1515 281 1578; x_wconf 89' lang='lat' dir='ltr'><strong>que</strong></span> <span class='ocrx_word' id='word_1_81' title='bbox 298 1500 371 1560; x_wconf 79' lang='lat' dir='ltr'><strong>este</strong></span> <span class='ocrx_word' id='word_1_82' title='bbox 388 1518 430 1561; x_wconf 90' lang='lat' dir='ltr'><strong>en</strong></span> <span class='ocrx_word' id='word_1_83' title='bbox 453 1497 627 1573; x_wconf 81' lang='lat' dir='ltr'><strong>Cordoua,</strong></span> <span class='ocrx_word' id='word_1_84' title='bbox 651 1518 672 1579; x_wconf 85' lang='lat' dir='ltr'>y</span> <span class='ocrx_word' id='word_1_85' title='bbox 695 1494 793 1560; x_wconf 88' lang='lat' dir='ltr'><strong>uisite</strong></span> <span class='ocrx_word' id='word_1_86' title='bbox 814 1502 833 1560; x_wconf 80' lang='lat' dir='ltr'><strong>a</strong></span> <span class='ocrx_word' id='word_1_87' title='bbox 851 1496 891 1561; x_wconf 93' lang='lat' dir='ltr'><strong>V.</strong></span> <span class='ocrx_word' id='word_1_88' title='bbox 910 1495 997 1562; x_wconf 89' lang='lat' dir='ltr'><strong>Sria.</strong></span> <span class='ocrx_word' id='word_1_89' title='bbox 1022 1499 1081 1579; x_wconf 80' lang='lat' dir='ltr'><strong>ya</strong></span> <span class='ocrx_word' id='word_1_90' title='bbox 1102 1496 1134 1560; x_wconf 91' lang='lat' dir='ltr'><strong>la</strong></span> <span class='ocrx_word' id='word_1_91' title='bbox 1150 1504 1274 1560; x_wconf 73' lang='lat' dir='ltr'><strong>seriora</strong></span> <span class='ocrx_word' id='word_1_92' title='bbox 1296 1494 1446 1560; x_wconf 89' lang='lat' dir='ltr'><strong>condesa</strong></span> 
     </span>
     <span class='ocr_line' id='line_1_10' title="bbox 211 1609 1445 1697; baseline 0 -22"><span class='ocrx_word' id='word_1_93' title='bbox 211 1611 256 1677; x_wconf 90' lang='lat' dir='ltr'><strong>de</strong></span> <span class='ocrx_word' id='word_1_94' title='bbox 274 1610 372 1678; x_wconf 87' lang='lat' dir='ltr'><strong>Feria</strong></span> <span class='ocrx_word' id='word_1_95' title='bbox 389 1614 415 1691; x_wconf 87' lang='lat'><strong>⁸,</strong></span> <span class='ocrx_word' id='word_1_96' title='bbox 435 1614 559 1677; x_wconf 85' lang='lat' dir='ltr'><strong>mucho</strong></span> <span class='ocrx_word' id='word_1_97' title='bbox 576 1612 718 1697; x_wconf 87' lang='lat' dir='ltr'><strong>bolgara</strong></span> <span class='ocrx_word' id='word_1_98' title='bbox 734 1633 776 1677; x_wconf 91' lang='lat' dir='ltr'><strong>en</strong></span> <span class='ocrx_word' id='word_1_99' title='bbox 790 1612 823 1678; x_wconf 90' lang='lat' dir='ltr'><strong>el</strong></span> <span class='ocrx_word' id='word_1_100' title='bbox 838 1612 952 1679; x_wconf 71' lang='lat' dir='ltr'><strong>Serior</strong></span> <span class='ocrx_word' id='word_1_101' title='bbox 968 1621 1109 1678; x_wconf 92' lang='lat' dir='ltr'><strong>nuestro</strong></span> <span class='ocrx_word' id='word_1_102' title='bbox 1125 1611 1168 1677; x_wconf 89' lang='lat' dir='ltr'><strong>de</strong></span> <span class='ocrx_word' id='word_1_103' title='bbox 1185 1622 1281 1677; x_wconf 88' lang='lat' dir='ltr'><strong>tener</strong></span> <span class='ocrx_word' id='word_1_104' title='bbox 1298 1609 1445 1696; x_wconf 91' lang='lat' dir='ltr'><strong>primero</strong></span> 
     </span>
     <span class='ocr_line' id='line_1_11' title="bbox 211 1725 1443 1812; baseline -0.002 -20"><span class='ocrx_word' id='word_1_105' title='bbox 211 1738 287 1793; x_wconf 88' lang='lat' dir='ltr'><strong>este</strong></span> <span class='ocrx_word' id='word_1_106' title='bbox 303 1729 412 1805; x_wconf 86' lang='lat' dir='ltr'><strong>auiso,</strong></span> <span class='ocrx_word' id='word_1_107' title='bbox 430 1748 561 1811; x_wconf 86' lang='lat' dir='ltr'><strong>porque</strong></span> <span class='ocrx_word' id='word_1_108' title='bbox 578 1737 689 1806; x_wconf 86' lang='lat' dir='ltr'><strong>antes,</strong></span> <span class='ocrx_word' id='word_1_109' title='bbox 706 1732 726 1791; x_wconf 76' lang='lat' dir='ltr'><strong>a</strong></span> <span class='ocrx_word' id='word_1_110' title='bbox 743 1725 905 1792; x_wconf 88' lang='lat' dir='ltr'><strong>instantia</strong></span> <span class='ocrx_word' id='word_1_111' title='bbox 922 1727 978 1793; x_wconf 91' lang='lat' dir='ltr'><strong>del</strong></span> <span class='ocrx_word' id='word_1_112' title='bbox 994 1728 1104 1795; x_wconf 90' lang='lat' dir='ltr'><strong>conde</strong></span> <span class='ocrx_word' id='word_1_113' title='bbox 1120 1748 1139 1812; x_wconf 80' lang='lat' dir='ltr'><strong>y</strong></span> <span class='ocrx_word' id='word_1_114' title='bbox 1158 1728 1306 1793; x_wconf 89' lang='lat' dir='ltr'><strong>condesa</strong></span> <span class='ocrx_word' id='word_1_115' title='bbox 1323 1728 1365 1791; x_wconf 92' lang='lat' dir='ltr'><strong>de</strong></span> <span class='ocrx_word' id='word_1_116' title='bbox 1385 1725 1443 1791; x_wconf 87' lang='lat' dir='ltr'><strong>Ri-</strong></span> 
     </span>
     <span class='ocr_line' id='line_1_12' title="bbox 212 1840 1445 1926; baseline 0 -21"><span class='ocrx_word' id='word_1_117' title='bbox 212 1842 362 1925; x_wconf 78' lang='lat' dir='ltr'><strong>bagoroa</strong></span> <span class='ocrx_word' id='word_1_118' title='bbox 380 1844 405 1920; x_wconf 78' lang='lat'><strong>⁰,</strong></span> <span class='ocrx_word' id='word_1_119' title='bbox 425 1862 468 1925; x_wconf 84' lang='lat' dir='ltr'><strong>yo</strong></span> <span class='ocrx_word' id='word_1_120' title='bbox 485 1842 535 1907; x_wconf 86' lang='lat' dir='ltr'><strong>les</strong></span> <span class='ocrx_word' id='word_1_121' title='bbox 550 1842 664 1906; x_wconf 88' lang='lat' dir='ltr'><strong>offresi</strong></span> <span class='ocrx_word' id='word_1_122' title='bbox 682 1862 750 1924; x_wconf 90' lang='lat' dir='ltr'><strong>que</strong></span> <span class='ocrx_word' id='word_1_123' title='bbox 766 1862 809 1909; x_wconf 91' lang='lat' dir='ltr'><strong>en</strong></span> <span class='ocrx_word' id='word_1_124' title='bbox 827 1841 996 1906; x_wconf 88' lang='lat' dir='ltr'><strong>tornando</strong></span> <span class='ocrx_word' id='word_1_125' title='bbox 1007 1842 1051 1905; x_wconf 90' lang='lat' dir='ltr'><strong>de</strong></span> <span class='ocrx_word' id='word_1_126' title='bbox 1069 1840 1236 1926; x_wconf 85' lang='lat' dir='ltr'><strong>Portugal</strong></span> <span class='ocrx_word' id='word_1_127' title='bbox 1253 1861 1291 1907; x_wconf 91' lang='lat' dir='ltr'><strong>se</strong></span> <span class='ocrx_word' id='word_1_128' title='bbox 1303 1842 1445 1926; x_wconf 80' lang='lat' dir='ltr'><strong>liegaria</strong></span> 
     </span>
     <span class='ocr_line' id='line_1_13' title="bbox 209 1956 1443 2041; baseline 0.002 -20"><span class='ocrx_word' id='word_1_129' title='bbox 209 1961 230 2021; x_wconf 75' lang='lat' dir='ltr'><strong>a</strong></span> <span class='ocrx_word' id='word_1_130' title='bbox 247 1957 419 2040; x_wconf 80' lang='lat' dir='ltr'><strong>Saragoza</strong></span> <span class='ocrx_word' id='word_1_131' title='bbox 435 1958 466 2021; x_wconf 92' lang='lat' dir='ltr'><strong>el</strong></span> <span class='ocrx_word' id='word_1_132' title='bbox 485 1959 525 2021; x_wconf 94' lang='lat' dir='ltr'><strong>P.</strong></span> <span class='ocrx_word' id='word_1_133' title='bbox 545 1956 739 2037; x_wconf 77' lang='lat' dir='ltr'><strong>Francis003</strong></span> <span class='ocrx_word' id='word_1_134' title='bbox 758 1978 781 2041; x_wconf 87' lang='lat' dir='ltr'><strong>y</strong></span> <span class='ocrx_word' id='word_1_135' title='bbox 798 1961 847 2023; x_wconf 87' lang='lat' dir='ltr'><strong>asi</strong></span> <span class='ocrx_word' id='word_1_136' title='bbox 864 1958 897 2023; x_wconf 90' lang='lat' dir='ltr'><strong>le</strong></span> <span class='ocrx_word' id='word_1_137' title='bbox 912 1956 1036 2022; x_wconf 86' lang='lat' dir='ltr'><strong>escriui</strong></span> <span class='ocrx_word' id='word_1_138' title='bbox 1054 1957 1201 2041; x_wconf 85' lang='lat' dir='ltr'><strong>algunos</strong></span> <span class='ocrx_word' id='word_1_139' title='bbox 1222 1978 1333 2024; x_wconf 87' lang='lat' dir='ltr'><strong>meses</strong></span> <span class='ocrx_word' id='word_1_140' title='bbox 1349 1958 1394 2021; x_wconf 91' lang='lat' dir='ltr'><strong>ha</strong></span> <span class='ocrx_word' id='word_1_141' title='bbox 1409 1956 1443 2023; x_wconf 94' lang='lat' dir='ltr'><strong>lo</strong></span> 
     </span>
     <span class='ocr_line' id='line_1_14' title="bbox 211 2070 1443 2157; baseline 0.001 -23"><span class='ocrx_word' id='word_1_142' title='bbox 211 2070 341 2139; x_wconf 88' lang='lat' dir='ltr'><strong>hiziese</strong></span> <span class='ocrx_word' id='word_1_143' title='bbox 364 2094 445 2157; x_wconf 86' lang='lat' dir='ltr'><strong>para</strong></span> <span class='ocrx_word' id='word_1_144' title='bbox 467 2083 557 2139; x_wconf 85' lang='lat' dir='ltr'><strong>estar</strong></span> <span class='ocrx_word' id='word_1_145' title='bbox 581 2072 636 2136; x_wconf 89' lang='lat' dir='ltr'><strong>alli</strong></span> <span class='ocrx_word' id='word_1_146' title='bbox 655 2092 701 2137; x_wconf 90' lang='lat' dir='ltr'><strong>un</strong></span> <span class='ocrx_word' id='word_1_147' title='bbox 724 2092 812 2157; x_wconf 89' lang='lat' dir='ltr'><strong>poco</strong></span> <span class='ocrx_word' id='word_1_148' title='bbox 833 2072 876 2139; x_wconf 90' lang='lat' dir='ltr'><strong>de</strong></span> <span class='ocrx_word' id='word_1_149' title='bbox 899 2071 1037 2156; x_wconf 89' lang='lat' dir='ltr'><strong>tiempo,</strong></span> <span class='ocrx_word' id='word_1_150' title='bbox 1062 2094 1084 2156; x_wconf 92' lang='lat' dir='ltr'>y</span> <span class='ocrx_word' id='word_1_151' title='bbox 1103 2091 1183 2139; x_wconf 86' lang='lat' dir='ltr'><strong>creo</strong></span> <span class='ocrx_word' id='word_1_152' title='bbox 1203 2094 1247 2156; x_wconf 90' lang='lat' dir='ltr'><strong>ya</strong></span> <span class='ocrx_word' id='word_1_153' title='bbox 1268 2078 1379 2139; x_wconf 71' lang='lat' dir='ltr'><strong>estare</strong></span> <span class='ocrx_word' id='word_1_154' title='bbox 1400 2093 1443 2137; x_wconf 92' lang='lat' dir='ltr'><strong>en</strong></span> 
     </span>
     <span class='ocr_line' id='line_1_15' title="bbox 210 2186 1443 2273; baseline 0.002 -22"><span class='ocrx_word' id='word_1_155' title='bbox 210 2187 346 2270; x_wconf 85' lang='lat' dir='ltr'><strong>aquella</strong></span> <span class='ocrx_word' id='word_1_156' title='bbox 367 2186 492 2252; x_wconf 89' lang='lat' dir='ltr'><strong>ciudad</strong></span> <span class='ocrx_word' id='word_1_157' title='bbox 514 2192 594 2253; x_wconf 84' lang='lat' dir='ltr'><strong>den</strong></span> <span class='ocrx_word' id='word_1_158' title='bbox 616 2188 751 2252; x_wconf 88' lang='lat' dir='ltr'><strong>camino</strong></span> <span class='ocrx_word' id='word_1_159' title='bbox 774 2209 853 2273; x_wconf 87' lang='lat' dir='ltr'><strong>para</strong></span> <span class='ocrx_word' id='word_1_160' title='bbox 869 2188 947 2253; x_wconf 91' lang='lat' dir='ltr'><strong>ella.</strong></span> <span class='ocrx_word' id='word_1_161' title='bbox 967 2188 1134 2267; x_wconf 86' lang='lat' dir='ltr'><strong>Todauia,</strong></span> <span class='ocrx_word' id='word_1_162' title='bbox 1153 2208 1198 2271; x_wconf 90' lang='lat' dir='ltr'><strong>yo</strong></span> <span class='ocrx_word' id='word_1_163' title='bbox 1213 2188 1246 2254; x_wconf 92' lang='lat' dir='ltr'><strong>le</strong></span> <span class='ocrx_word' id='word_1_164' title='bbox 1262 2208 1443 2254; x_wconf 90' lang='lat' dir='ltr'><strong>encomen·</strong></span> 
     </span>
    </p>
   </div>
   <div class='ocr_carea' id='block_1_3' title="bbox 210 2302 1544 2387">
    <p class='ocr_par' dir='ltr' id='par_1_4' title="bbox 210 2302 1544 2387">
     <span class='ocr_line' id='line_1_16' title="bbox 210 2302 1544 2387; baseline 0.002 -20"><span class='ocrx_word' id='word_1_165' title='bbox 210 2302 392 2385; x_wconf 79' lang='lat' dir='ltr'><strong>dareque,</strong></span> <span class='ocrx_word' id='word_1_166' title='bbox 418 2323 517 2368; x_wconf 84' lang='lat' dir='ltr'><strong>corno</strong></span> <span class='ocrx_word' id='word_1_167' title='bbox 539 2324 602 2387; x_wconf 88' lang='lat' dir='ltr'><strong>aya</strong></span> <span class='ocrx_word' id='word_1_168' title='bbox 626 2302 799 2387; x_wconf 90' lang='lat' dir='ltr'><strong>cumplido</strong></span> <span class='ocrx_word' id='word_1_169' title='bbox 820 2323 863 2367; x_wconf 89' lang='lat' dir='ltr'><strong>en</strong></span> <span class='ocrx_word' id='word_1_170' title='bbox 884 2304 1014 2387; x_wconf 85' lang='lat' dir='ltr'><strong>alguna</strong></span> <span class='ocrx_word' id='word_1_171' title='bbox 1038 2326 1174 2371; x_wconf 89' lang='lat' dir='ltr'><strong>manera</strong></span> <span class='ocrx_word' id='word_1_172' title='bbox 1199 2323 1264 2368; x_wconf 91' lang='lat' dir='ltr'><strong>con</strong></span> <span class='ocrx_word' id='word_1_173' title='bbox 1289 2304 1443 2387; x_wconf 88' lang='lat' dir='ltr'><strong>aquellos</strong></span> <span class='ocrx_word' id='word_1_174' title='bbox 1539 2321 1544 2334; x_wconf 95' lang='grc'><strong><em>’</em></strong></span> 
     </span>
    </p>
   </div>
   <div class='ocr_carea' id='block_1_4' title="bbox 210 2418 1443 2715">
    <p class='ocr_par' dir='ltr' id='par_1_5' title="bbox 210 2418 1443 2715">
     <span class='ocr_line' id='line_1_17' title="bbox 210 2418 1443 2505; baseline 0.003 -24"><span class='ocrx_word' id='word_1_175' title='bbox 210 2427 353 2484; x_wconf 75' lang='lat' dir='ltr'><strong>seriores</strong></span> <span class='ocrx_word' id='word_1_176' title='bbox 374 2440 395 2501; x_wconf 93' lang='lat' dir='ltr'>y</span> <span class='ocrx_word' id='word_1_177' title='bbox 419 2419 537 2483; x_wconf 87' lang='lat' dir='ltr'><strong>conia</strong></span> <span class='ocrx_word' id='word_1_178' title='bbox 559 2418 694 2496; x_wconf 88' lang='lat' dir='ltr'><strong>ciudad,</strong></span> <span class='ocrx_word' id='word_1_179' title='bbox 723 2430 825 2505; x_wconf 82' lang='lat' dir='ltr'><strong>tenga</strong></span> <span class='ocrx_word' id='word_1_180' title='bbox 851 2421 980 2484; x_wconf 89' lang='lat' dir='ltr'><strong>mucha</strong></span> <span class='ocrx_word' id='word_1_181' title='bbox 1003 2428 1129 2486; x_wconf 85' lang='lat' dir='ltr'><strong>cuenta</strong></span> <span class='ocrx_word' id='word_1_182' title='bbox 1150 2440 1215 2484; x_wconf 88' lang='lat' dir='ltr'><strong>con</strong></span> <span class='ocrx_word' id='word_1_183' title='bbox 1239 2420 1270 2483; x_wconf 90' lang='lat' dir='ltr'><strong>la</strong></span> <span class='ocrx_word' id='word_1_184' title='bbox 1292 2420 1376 2485; x_wconf 91' lang='lat' dir='ltr'><strong>obra</strong></span> <span class='ocrx_word' id='word_1_185' title='bbox 1399 2421 1443 2485; x_wconf 89' lang='lat' dir='ltr'><strong>de</strong></span> 
     </span>
     <span class='ocr_line' id='line_1_18' title="bbox 214 2534 1442 2619; baseline 0.003 -22"><span class='ocrx_word' id='word_1_186' title='bbox 214 2534 387 2613; x_wconf 82' lang='lat' dir='ltr'><strong>Cordoua,</strong></span> <span class='ocrx_word' id='word_1_187' title='bbox 406 2556 428 2618; x_wconf 93' lang='lat' dir='ltr'>y</span> <span class='ocrx_word' id='word_1_188' title='bbox 444 2555 509 2600; x_wconf 86' lang='lat' dir='ltr'><strong>con</strong></span> <span class='ocrx_word' id='word_1_189' title='bbox 526 2535 558 2599; x_wconf 88' lang='lat' dir='ltr'><strong>el</strong></span> <span class='ocrx_word' id='word_1_190' title='bbox 575 2534 721 2599; x_wconf 88' lang='lat' dir='ltr'><strong>seruicio</strong></span> <span class='ocrx_word' id='word_1_191' title='bbox 737 2557 758 2619; x_wconf 87' lang='lat' dir='ltr'>y</span> <span class='ocrx_word' id='word_1_192' title='bbox 774 2534 992 2617; x_wconf 72' lang='lat' dir='ltr'><strong>consolacion</strong></span> <span class='ocrx_word' id='word_1_193' title='bbox 1010 2536 1054 2601; x_wconf 89' lang='lat' dir='ltr'><strong>de</strong></span> <span class='ocrx_word' id='word_1_194' title='bbox 1072 2536 1114 2599; x_wconf 91' lang='lat' dir='ltr'><strong>V.</strong></span> <span class='ocrx_word' id='word_1_195' title='bbox 1134 2536 1221 2603; x_wconf 87' lang='lat' dir='ltr'><strong>Srla.</strong></span> <span class='ocrx_word' id='word_1_196' title='bbox 1239 2558 1262 2619; x_wconf 90' lang='lat' dir='ltr'><strong>y</strong></span> <span class='ocrx_word' id='word_1_197' title='bbox 1279 2536 1322 2603; x_wconf 91' lang='lat' dir='ltr'><strong>de</strong></span> <span class='ocrx_word' id='word_1_198' title='bbox 1343 2537 1374 2601; x_wconf 84' lang='lat' dir='ltr'><strong>la</strong></span> <span class='ocrx_word' id='word_1_199' title='bbox 1390 2557 1442 2601; x_wconf 88' lang='lat' dir='ltr'><strong>se-</strong></span> 
     </span>
     <span class='ocr_line' id='line_1_19' title="bbox 211 2651 524 2715; baseline 0.01 -3"><span class='ocrx_word' id='word_1_200' title='bbox 211 2656 296 2713; x_wconf 80' lang='lat' dir='ltr'><strong>nora</strong></span> <span class='ocrx_word' id='word_1_201' title='bbox 318 2651 468 2715; x_wconf 83' lang='lat' dir='ltr'><strong>condesa</strong></span> <span class='ocrx_word' id='word_1_202' title='bbox 490 2654 524 2714; x_wconf 86' lang='lat'><strong>¹⁰.</strong></span> 
     </span>
    </p>
   </div>
   <div class='ocr_carea' id='block_1_5' title="bbox 333 2792 412 2799">
    <p class='ocr_par' dir='ltr' id='par_1_6' title="bbox 333 2792 412 2799">
     <span class='ocr_line' id='line_1_20' title="bbox 333 2792 412 2799; baseline 0.013 -1"><span class='ocrx_word' id='word_1_203' title='bbox 333 2792 412 2799; x_wconf 71' lang='lat'>———.</span> 
     </span>
    </p>
   </div>
   <div class='ocr_carea' id='block_1_6' title="bbox 262 2874 631 2933">
    <p class='ocr_par' dir='ltr' id='par_1_7' title="bbox 262 2874 631 2933">
     <span class='ocr_line' id='line_1_21' title="bbox 262 2874 631 2933; baseline 0 -16"><span class='ocrx_word' id='word_1_204' title='bbox 262 2878 275 2905; x_wconf 78' lang='lat'>0</span> <span class='ocrx_word' id='word_1_205' title='bbox 312 2874 561 2919; x_wconf 86' lang='lat' dir='ltr'><strong>entermetternos</strong></span> <span class='ocrx_word' id='word_1_206' title='bbox 575 2882 631 2933; x_wconf 67' lang='lat' dir='ltr'><strong>rrrS.</strong></span> 
     </span>
    </p>
   </div>
   <div class='ocr_carea' id='block_1_7' title="bbox 202 3071 1441 4840">
    <p class='ocr_par' dir='ltr' id='par_1_8' title="bbox 265 3071 620 3141">
     <span class='ocr_line' id='line_1_22' title="bbox 265 3071 620 3141; baseline 0.006 -16"><span class='ocrx_word' id='word_1_207' title='bbox 265 3074 274 3104; x_wconf 71' lang='lat' dir='ltr'><strong>r</strong></span> <span class='ocrx_word' id='word_1_208' title='bbox 313 3071 620 3141; x_wconf 85' lang='lat' dir='ltr'><strong>FranciscusBorgia.</strong></span> 
     </span>
    </p>

    <p class='ocr_par' dir='ltr' id='par_1_9' title="bbox 209 3158 1436 3320">
     <span class='ocr_line' id='line_1_23' title="bbox 263 3158 1436 3225; baseline 0.003 -12"><span class='ocrx_word' id='word_1_209' title='bbox 263 3164 275 3193; x_wconf 75' lang='lat'><strong>⁸</strong></span> <span class='ocrx_word' id='word_1_210' title='bbox 313 3161 398 3214; x_wconf 80' lang='lat' dir='ltr'><strong>Anna</strong></span> <span class='ocrx_word' id='word_1_211' title='bbox 419 3161 515 3215; x_wconf 91' lang='lat' dir='ltr'><strong>Ponce</strong></span> <span class='ocrx_word' id='word_1_212' title='bbox 528 3161 565 3214; x_wconf 93' lang='lat' dir='ltr'><strong>de</strong></span> <span class='ocrx_word' id='word_1_213' title='bbox 585 3160 675 3225; x_wconf 86' lang='lat' dir='ltr'><strong>Leon,</strong></span> <span class='ocrx_word' id='word_1_214' title='bbox 698 3177 770 3214; x_wconf 84' lang='lat' dir='ltr'><strong>uxor</strong></span> <span class='ocrx_word' id='word_1_215' title='bbox 783 3159 929 3214; x_wconf 82' lang='lat' dir='ltr'>demortui</span> <span class='ocrx_word' id='word_1_216' title='bbox 949 3159 1029 3213; x_wconf 91' lang='lat' dir='ltr'><strong>Petri</strong></span> <span class='ocrx_word' id='word_1_217' title='bbox 1043 3158 1215 3214; x_wconf 86' lang='lat' dir='ltr'><strong>Fernandez</strong></span> <span class='ocrx_word' id='word_1_218' title='bbox 1233 3159 1270 3213; x_wconf 90' lang='lat' dir='ltr'><strong>de</strong></span> <span class='ocrx_word' id='word_1_219' title='bbox 1288 3159 1436 3217; x_wconf 88' lang='lat' dir='ltr'><strong>Cordoba.</strong></span> 
     </span>
     <span class='ocr_line' id='line_1_24' title="bbox 209 3248 1245 3320; baseline 0.002 -19"><span class='ocrx_word' id='word_1_220' title='bbox 209 3248 390 3303; x_wconf 82' lang='lat' dir='ltr'>Praeclaram</span> <span class='ocrx_word' id='word_1_221' title='bbox 405 3250 469 3320; x_wconf 91' lang='lat' dir='ltr'><strong>ejus</strong></span> <span class='ocrx_word' id='word_1_222' title='bbox 484 3249 574 3304; x_wconf 88' lang='lat' dir='ltr'><strong>vitam</strong></span> <span class='ocrx_word' id='word_1_223' title='bbox 589 3266 678 3303; x_wconf 90' lang='lat' dir='ltr'><strong>aureo</strong></span> <span class='ocrx_word' id='word_1_224' title='bbox 691 3250 760 3303; x_wconf 90' lang='lat' dir='ltr'><strong>stilo</strong></span> <span class='ocrx_word' id='word_1_225' title='bbox 772 3248 947 3319; x_wconf 89' lang='lat' dir='ltr'><strong>conscripsit</strong></span> <span class='ocrx_word' id='word_1_226' title='bbox 961 3249 998 3303; x_wconf 89' lang='lat' dir='ltr'><strong>P.</strong></span> <span class='ocrx_word' id='word_1_227' title='bbox 1016 3249 1157 3303; x_wconf 86' lang='lat' dir='ltr'><strong>Martinus</strong></span> <span class='ocrx_word' id='word_1_228' title='bbox 1171 3250 1245 3303; x_wconf 88' lang='lat' dir='ltr'><strong>Roa.</strong></span> 
     </span>
    </p>

    <p class='ocr_par' dir='ltr' id='par_1_10' title="bbox 207 3338 1440 3499">
     <span class='ocr_line' id='line_1_25' title="bbox 262 3338 1440 3408; baseline 0.003 -17"><span class='ocrx_word' id='word_1_229' title='bbox 262 3342 273 3371; x_wconf 72' lang='lat'><strong>‘³</strong></span> <span class='ocrx_word' id='word_1_230' title='bbox 312 3340 453 3393; x_wconf 84' lang='lat' dir='ltr'><strong>Martinus</strong></span> <span class='ocrx_word' id='word_1_231' title='bbox 469 3340 635 3407; x_wconf 71' lang='lat' dir='ltr'><strong>dragonius</strong></span> <span class='ocrx_word' id='word_1_232' title='bbox 655 3338 691 3391; x_wconf 89' lang='lat' dir='ltr'><strong>de</strong></span> <span class='ocrx_word' id='word_1_233' title='bbox 712 3338 838 3405; x_wconf 90' lang='lat' dir='ltr'><strong>Gurrea‚</strong></span> <span class='ocrx_word' id='word_1_234' title='bbox 857 3346 887 3391; x_wconf 90' lang='lat' dir='ltr'><strong>et</strong></span> <span class='ocrx_word' id='word_1_235' title='bbox 905 3338 1055 3392; x_wconf 90' lang='lat' dir='ltr'><strong>Ludovica</strong></span> <span class='ocrx_word' id='word_1_236' title='bbox 1072 3339 1188 3408; x_wconf 83' lang='lat' dir='ltr'><strong>Borgia‚</strong></span> <span class='ocrx_word' id='word_1_237' title='bbox 1211 3338 1267 3397; x_wconf 86' lang='lat' dir='ltr'><strong>Sti.</strong></span> <span class='ocrx_word' id='word_1_238' title='bbox 1293 3340 1440 3394; x_wconf 85' lang='lat' dir='ltr'><strong>Francisci</strong></span> 
     </span>
     <span class='ocr_line' id='line_1_26' title="bbox 207 3416 807 3499; baseline 0 -17"><span class='ocrx_word' id='word_1_239' title='bbox 207 3446 300 3484; x_wconf 88' lang='lat' dir='ltr'><strong>soror.</strong></span> <span class='ocrx_word' id='word_1_240' title='bbox 316 3428 390 3482; x_wconf 86' lang='lat' dir='ltr'><strong>Vide</strong></span> <span class='ocrx_word' id='word_1_241' title='bbox 405 3446 502 3499; x_wconf 89' lang='lat' dir='ltr'><strong>supra,</strong></span> <span class='ocrx_word' id='word_1_242' title='bbox 520 3416 555 3495; x_wconf 90' lang='lat' dir='ltr'><strong>V,</strong></span> <span class='ocrx_word' id='word_1_243' title='bbox 569 3427 689 3496; x_wconf 75' lang='lat'>307-369</span> <span class='ocrx_word' id='word_1_244' title='bbox 703 3437 733 3481; x_wconf 92' lang='lat' dir='ltr'><strong>et</strong></span> <span class='ocrx_word' id='word_1_245' title='bbox 743 3432 807 3496; x_wconf 75' lang='lat'><strong>⁶7⁰·</strong></span> 
     </span>
    </p>

    <p class='ocr_par' dir='ltr' id='par_1_11' title="bbox 202 3516 1441 4840">
     <span class='ocr_line' id='line_1_27' title="bbox 262 3516 1441 3588; baseline 0.003 -19"><span class='ocrx_word' id='word_1_246' title='bbox 262 3518 283 3549; x_wconf 88' lang='lat'><strong>&#39;⁰</strong></span> <span class='ocrx_word' id='word_1_247' title='bbox 321 3517 498 3587; x_wconf 84' lang='lat' dir='ltr'><strong>Borgianum</strong></span> <span class='ocrx_word' id='word_1_248' title='bbox 512 3517 568 3571; x_wconf 90' lang='lat' dir='ltr'><strong>iter</strong></span> <span class='ocrx_word' id='word_1_249' title='bbox 582 3518 847 3583; x_wconf 70' lang='lat' dir='ltr'>Caesaraugustam</span> <span class='ocrx_word' id='word_1_250' title='bbox 863 3534 966 3570; x_wconf 85' lang='lat' dir='ltr'><strong>versus</strong></span> <span class='ocrx_word' id='word_1_251' title='bbox 980 3516 1072 3570; x_wconf 81' lang='lat' dir='ltr'><strong>fuisse</strong></span> <span class='ocrx_word' id='word_1_252' title='bbox 1086 3516 1258 3588; x_wconf 87' lang='lat' dir='ltr'><strong>impeditum</strong></span> <span class='ocrx_word' id='word_1_253' title='bbox 1273 3526 1369 3572; x_wconf 89' lang='lat' dir='ltr'><strong>narrat</strong></span> <span class='ocrx_word' id='word_1_254' title='bbox 1384 3519 1441 3573; x_wconf 92' lang='lat' dir='ltr'><strong>Po·</strong></span> 
     </span>
     <span class='ocr_line' id='line_1_28' title="bbox 206 3605 1440 3676; baseline 0.001 -16"><span class='ocrx_word' id='word_1_255' title='bbox 206 3618 343 3675; x_wconf 74' lang='lat' dir='ltr'><strong>LANCUS,</strong></span> <span class='ocrx_word' id='word_1_256' title='bbox 360 3606 482 3672; x_wconf 71' lang='lat' dir='ltr'><strong>Chron„</strong></span> <span class='ocrx_word' id='word_1_257' title='bbox 500 3607 535 3673; x_wconf 91' lang='lat' dir='ltr'><strong>V,</strong></span> <span class='ocrx_word' id='word_1_258' title='bbox 549 3606 677 3675; x_wconf 73' lang='lat'><strong>486-468:</strong></span> <span class='ocrx_word' id='word_1_259' title='bbox 700 3607 788 3661; x_wconf 81' lang='lat' dir='ltr'><strong>«Cum</strong></span> <span class='ocrx_word' id='word_1_260' title='bbox 811 3606 841 3663; x_wconf 90' lang='lat' dir='ltr'><strong>P.</strong></span> <span class='ocrx_word' id='word_1_261' title='bbox 862 3605 1036 3661; x_wconf 88' lang='lat' dir='ltr'><strong>Franciscus</strong></span> <span class='ocrx_word' id='word_1_262' title='bbox 1050 3606 1156 3675; x_wconf 82' lang='lat' dir='ltr'><strong>Borgia</strong></span> <span class='ocrx_word' id='word_1_263' title='bbox 1174 3606 1440 3676; x_wconf 77' lang='lat' dir='ltr'><strong>Caesaraugustam</strong></span> 
     </span>
     <span class='ocr_line' id='line_1_29' title="bbox 206 3694 1439 3768; baseline 0.003 -21"><span class='ocrx_word' id='word_1_264' title='bbox 206 3696 300 3749; x_wconf 90' lang='lat' dir='ltr'><strong>iturus</strong></span> <span class='ocrx_word' id='word_1_265' title='bbox 320 3704 400 3749; x_wconf 86' lang='lat' dir='ltr'><strong>esset</strong></span> <span class='ocrx_word' id='word_1_266' title='bbox 415 3694 499 3764; x_wconf 82' lang='lat' dir='ltr'><strong>juxta</strong></span> <span class='ocrx_word' id='word_1_267' title='bbox 519 3696 552 3751; x_wconf 91' lang='lat' dir='ltr'><strong>P.</strong></span> <span class='ocrx_word' id='word_1_268' title='bbox 572 3694 679 3765; x_wconf 89' lang='lat' dir='ltr'><strong>ignatii</strong></span> <span class='ocrx_word' id='word_1_269' title='bbox 699 3694 922 3767; x_wconf 79' lang='lat' dir='ltr'><strong>praescriptum,</strong></span> <span class='ocrx_word' id='word_1_270' title='bbox 941 3694 1048 3749; x_wconf 88' lang='lat' dir='ltr'><strong>accidit</strong></span> <span class='ocrx_word' id='word_1_271' title='bbox 1069 3694 1260 3750; x_wconf 78' lang='lat' dir='ltr'><strong>intortunium</strong></span> <span class='ocrx_word' id='word_1_272' title='bbox 1282 3697 1439 3768; x_wconf 88' lang='lat' dir='ltr'><strong>quoddam,</strong></span> 
     </span>
     <span class='ocr_line' id='line_1_30' title="bbox 207 3784 1440 3857; baseline 0.004 -21"><span class='ocrx_word' id='word_1_273' title='bbox 207 3794 324 3855; x_wconf 88' lang='lat' dir='ltr'><strong>propter</strong></span> <span class='ocrx_word' id='word_1_274' title='bbox 336 3784 414 3856; x_wconf 88' lang='lat' dir='ltr'><strong>quod</strong></span> <span class='ocrx_word' id='word_1_275' title='bbox 434 3785 511 3839; x_wconf 91' lang='lat' dir='ltr'><strong>Patri</strong></span> <span class='ocrx_word' id='word_1_276' title='bbox 531 3784 627 3839; x_wconf 88' lang='lat' dir='ltr'><strong>Natali</strong></span> <span class='ocrx_word' id='word_1_277' title='bbox 641 3794 670 3838; x_wconf 87' lang='lat' dir='ltr'><strong>et</strong></span> <span class='ocrx_word' id='word_1_278' title='bbox 685 3784 806 3857; x_wconf 90' lang='lat' dir='ltr'><strong>reliquis</strong></span> <span class='ocrx_word' id='word_1_279' title='bbox 826 3785 922 3841; x_wconf 85' lang='lat' dir='ltr'><strong>visum</strong></span> <span class='ocrx_word' id='word_1_280' title='bbox 941 3794 987 3839; x_wconf 89' lang='lat' dir='ltr'><strong>est</strong></span> <span class='ocrx_word' id='word_1_281' title='bbox 1006 3800 1064 3838; x_wconf 90' lang='lat' dir='ltr'><strong>non</strong></span> <span class='ocrx_word' id='word_1_282' title='bbox 1077 3784 1218 3854; x_wconf 85' lang='lat' dir='ltr'><strong>expedire</strong></span> <span class='ocrx_word' id='word_1_283' title='bbox 1233 3796 1264 3840; x_wconf 89' lang='lat' dir='ltr'><strong>ut</strong></span> <span class='ocrx_word' id='word_1_284' title='bbox 1278 3804 1314 3841; x_wconf 92' lang='lat' dir='ltr'><strong>eo</strong></span> <span class='ocrx_word' id='word_1_285' title='bbox 1327 3804 1359 3841; x_wconf 88' lang='lat' dir='ltr'><strong>se</strong></span> <span class='ocrx_word' id='word_1_286' title='bbox 1372 3802 1440 3841; x_wconf 90' lang='lat' dir='ltr'><strong>con·</strong></span> 
     </span>
     <span class='ocr_line' id='line_1_31' title="bbox 206 3872 1439 3944; baseline 0.002 -16"><span class='ocrx_word' id='word_1_287' title='bbox 206 3873 306 3930; x_wconf 81' lang='lat' dir='ltr'><strong>ferret.</strong></span> <span class='ocrx_word' id='word_1_288' title='bbox 326 3874 453 3944; x_wconf 81' lang='lat' dir='ltr'><strong>Quidam</strong></span> <span class='ocrx_word' id='word_1_289' title='bbox 468 3874 545 3927; x_wconf 88' lang='lat' dir='ltr'><strong>enim</strong></span> <span class='ocrx_word' id='word_1_290' title='bbox 568 3874 644 3927; x_wconf 87' lang='lat' dir='ltr'><strong>iilius</strong></span> <span class='ocrx_word' id='word_1_291' title='bbox 662 3874 802 3928; x_wconf 88' lang='lat' dir='ltr'><strong>naturalis</strong></span> <span class='ocrx_word' id='word_1_292' title='bbox 819 3874 909 3927; x_wconf 89' lang='lat' dir='ltr'><strong>Ducis</strong></span> <span class='ocrx_word' id='word_1_293' title='bbox 929 3872 1082 3928; x_wconf 90' lang='lat' dir='ltr'><strong>Cardonae</strong></span> <span class='ocrx_word' id='word_1_294' title='bbox 1100 3883 1129 3928; x_wconf 89' lang='lat' dir='ltr'><strong>et</strong></span> <span class='ocrx_word' id='word_1_295' title='bbox 1144 3874 1308 3944; x_wconf 84' lang='lat' dir='ltr'><strong>Segurbiae</strong></span> <span class='ocrx_word' id='word_1_296' title='bbox 1325 3876 1439 3931; x_wconf 87' lang='lat' dir='ltr'><strong>occisus</strong></span> 
     </span>
     <span class='ocr_line' id='line_1_32' title="bbox 206 3960 1438 4037; baseline 0.004 -22"><span class='ocrx_word' id='word_1_297' title='bbox 206 3962 313 4031; x_wconf 85' lang='lat' dir='ltr'><strong>fuerat,</strong></span> <span class='ocrx_word' id='word_1_298' title='bbox 327 3971 357 4017; x_wconf 89' lang='lat' dir='ltr'><strong>et</strong></span> <span class='ocrx_word' id='word_1_299' title='bbox 367 3964 404 4017; x_wconf 92' lang='lat' dir='ltr'><strong>de</strong></span> <span class='ocrx_word' id='word_1_300' title='bbox 418 3962 482 4033; x_wconf 87' lang='lat' dir='ltr'><strong>ejus</strong></span> <span class='ocrx_word' id='word_1_301' title='bbox 502 3972 594 4017; x_wconf 90' lang='lat' dir='ltr'><strong>morte</strong></span> <span class='ocrx_word' id='word_1_302' title='bbox 612 3965 805 4017; x_wconf 83' lang='lat' dir='ltr'><strong>accusabatur</strong></span> <span class='ocrx_word' id='word_1_303' title='bbox 824 3962 964 4031; x_wconf 82' lang='lat' dir='ltr'><strong>Magister</strong></span> <span class='ocrx_word' id='word_1_304' title='bbox 982 3960 1102 4020; x_wconf 83' lang='lat' dir='ltr'><strong>Ordinis</strong></span> <span class='ocrx_word' id='word_1_305' title='bbox 1122 3964 1255 4019; x_wconf 76' lang='lat' dir='ltr'><strong>militaris</strong></span> <span class='ocrx_word' id='word_1_306' title='bbox 1276 3966 1438 4037; x_wconf 88' lang='lat' dir='ltr'><strong>Montesae,</strong></span> 
     </span>
     <span class='ocr_line' id='line_1_33' title="bbox 205 4051 1439 4124; baseline 0.003 -19"><span class='ocrx_word' id='word_1_307' title='bbox 205 4051 293 4107; x_wconf 83' lang='lat' dir='ltr'><strong>irater</strong></span> <span class='ocrx_word' id='word_1_308' title='bbox 308 4053 400 4122; x_wconf 85' lang='lat' dir='ltr'><strong>ipsius</strong></span> <span class='ocrx_word' id='word_1_309' title='bbox 414 4054 446 4106; x_wconf 92' lang='lat' dir='ltr'><strong>P.</strong></span> <span class='ocrx_word' id='word_1_310' title='bbox 460 4051 617 4121; x_wconf 83' lang='lat' dir='ltr'><strong>Francisci,</strong></span> <span class='ocrx_word' id='word_1_311' title='bbox 632 4070 720 4124; x_wconf 87' lang='lat' dir='ltr'><strong>quern</strong></span> <span class='ocrx_word' id='word_1_312' title='bbox 739 4070 773 4105; x_wconf 84' lang='lat' dir='ltr'><strong>ea</strong></span> <span class='ocrx_word' id='word_1_313' title='bbox 790 4052 828 4106; x_wconf 90' lang='lat' dir='ltr'><strong>de</strong></span> <span class='ocrx_word' id='word_1_314' title='bbox 845 4068 934 4106; x_wconf 83' lang='lat' dir='ltr'><strong>causa</strong></span> <span class='ocrx_word' id='word_1_315' title='bbox 948 4052 1088 4123; x_wconf 88' lang='lat' dir='ltr'><strong>Princeps</strong></span> <span class='ocrx_word' id='word_1_316' title='bbox 1102 4070 1156 4106; x_wconf 89' lang='lat' dir='ltr'><strong>suo</strong></span> <span class='ocrx_word' id='word_1_317' title='bbox 1169 4062 1247 4107; x_wconf 88' lang='lat' dir='ltr'><strong>statu</strong></span> <span class='ocrx_word' id='word_1_318' title='bbox 1261 4058 1309 4109; x_wconf 89' lang='lat' dir='ltr'><strong>vel</strong></span> <span class='ocrx_word' id='word_1_319' title='bbox 1327 4053 1439 4109; x_wconf 87' lang='lat' dir='ltr'><strong>ditione</strong></span> 
     </span>
     <span class='ocr_line' id='line_1_34' title="bbox 205 4140 1438 4211; baseline 0.002 -17"><span class='ocrx_word' id='word_1_320' title='bbox 205 4142 383 4211; x_wconf 87' lang='lat' dir='ltr'><strong>privaverat,</strong></span> <span class='ocrx_word' id='word_1_321' title='bbox 397 4150 427 4195; x_wconf 89' lang='lat' dir='ltr'><strong>et</strong></span> <span class='ocrx_word' id='word_1_322' title='bbox 441 4142 503 4211; x_wconf 89' lang='lat' dir='ltr'><strong>ipse</strong></span> <span class='ocrx_word' id='word_1_323' title='bbox 517 4141 655 4210; x_wconf 82' lang='lat' dir='ltr'><strong>Magister</strong></span> <span class='ocrx_word' id='word_1_324' title='bbox 666 4141 815 4195; x_wconf 85' lang='lat' dir='ltr'><strong>Montesae</strong></span> <span class='ocrx_word' id='word_1_325' title='bbox 830 4141 859 4195; x_wconf 89' lang='lat' dir='ltr'><strong>in</strong></span> <span class='ocrx_word' id='word_1_326' title='bbox 874 4140 996 4195; x_wconf 84' lang='lat' dir='ltr'><strong>exilium</strong></span> <span class='ocrx_word' id='word_1_327' title='bbox 1011 4141 1118 4195; x_wconf 79' lang='lat' dir='ltr'><strong>missus</strong></span> <span class='ocrx_word' id='word_1_328' title='bbox 1131 4140 1237 4195; x_wconf 81' lang='lat' dir='ltr'><strong>fuerat.</strong></span> <span class='ocrx_word' id='word_1_329' title='bbox 1249 4142 1325 4197; x_wconf 90' lang='lat' dir='ltr'><strong>Cum</strong></span> <span class='ocrx_word' id='word_1_330' title='bbox 1339 4152 1438 4197; x_wconf 88' lang='lat' dir='ltr'><strong>autem</strong></span> 
     </span>
     <span class='ocr_line' id='line_1_35' title="bbox 205 4228 1439 4302; baseline 0.002 -19"><span class='ocrx_word' id='word_1_331' title='bbox 205 4230 272 4283; x_wconf 86' lang='lat' dir='ltr'><strong>Dux</strong></span> <span class='ocrx_word' id='word_1_332' title='bbox 293 4228 446 4285; x_wconf 88' lang='lat' dir='ltr'><strong>Cardonae</strong></span> <span class='ocrx_word' id='word_1_333' title='bbox 466 4248 556 4300; x_wconf 85' lang='lat' dir='ltr'><strong>prope</strong></span> <span class='ocrx_word' id='word_1_334' title='bbox 575 4228 842 4299; x_wconf 81' lang='lat' dir='ltr'><strong>Caesaraugustam</strong></span> <span class='ocrx_word' id='word_1_335' title='bbox 861 4228 1003 4283; x_wconf 89' lang='lat' dir='ltr'><strong>ditionem</strong></span> <span class='ocrx_word' id='word_1_336' title='bbox 1028 4246 1111 4284; x_wconf 90' lang='lat' dir='ltr'><strong>suam</strong></span> <span class='ocrx_word' id='word_1_337' title='bbox 1131 4231 1255 4299; x_wconf 86' lang='lat' dir='ltr'><strong>babeat,</strong></span> <span class='ocrx_word' id='word_1_338' title='bbox 1281 4240 1311 4285; x_wconf 91' lang='lat' dir='ltr'><strong>et</strong></span> <span class='ocrx_word' id='word_1_339' title='bbox 1334 4241 1439 4302; x_wconf 90' lang='lat' dir='ltr'><strong>potens</strong></span> 
     </span>
     <span class='ocr_line' id='line_1_36' title="bbox 204 4318 1439 4390; baseline 0.002 -17"><span class='ocrx_word' id='word_1_340' title='bbox 204 4318 408 4389; x_wconf 86' lang='lat' dir='ltr'><strong>admodum...‚</strong></span> <span class='ocrx_word' id='word_1_341' title='bbox 420 4328 512 4388; x_wconf 88' lang='lat' dir='ltr'><strong>esset,</strong></span> <span class='ocrx_word' id='word_1_342' title='bbox 524 4318 664 4387; x_wconf 83' lang='lat' dir='ltr'><strong>expedire</strong></span> <span class='ocrx_word' id='word_1_343' title='bbox 677 4320 771 4373; x_wconf 91' lang='lat' dir='ltr'><strong>visum</strong></span> <span class='ocrx_word' id='word_1_344' title='bbox 786 4318 840 4373; x_wconf 84' lang='lat' dir='ltr'><strong>luit</strong></span> <span class='ocrx_word' id='word_1_345' title='bbox 854 4328 885 4373; x_wconf 89' lang='lat' dir='ltr'><strong>ut</strong></span> <span class='ocrx_word' id='word_1_346' title='bbox 897 4318 930 4376; x_wconf 91' lang='lat' dir='ltr'><strong>P.</strong></span> <span class='ocrx_word' id='word_1_347' title='bbox 943 4319 1116 4373; x_wconf 90' lang='lat' dir='ltr'><strong>Franciscus</strong></span> <span class='ocrx_word' id='word_1_348' title='bbox 1130 4337 1167 4374; x_wconf 91' lang='lat' dir='ltr'><strong>eo</strong></span> <span class='ocrx_word' id='word_1_349' title='bbox 1177 4329 1307 4390; x_wconf 89' lang='lat' dir='ltr'><strong>tempore</strong></span> <span class='ocrx_word' id='word_1_350' title='bbox 1318 4320 1439 4376; x_wconf 87' lang='lat' dir='ltr'><strong>Caesar·</strong></span> 
     </span>
     <span class='ocr_line' id='line_1_37' title="bbox 205 4408 1440 4481; baseline 0.002 -20"><span class='ocrx_word' id='word_1_351' title='bbox 205 4418 359 4479; x_wconf 85' lang='lat' dir='ltr'><strong>augustam</strong></span> <span class='ocrx_word' id='word_1_352' title='bbox 384 4425 441 4463; x_wconf 92' lang='lat' dir='ltr'><strong>non</strong></span> <span class='ocrx_word' id='word_1_353' title='bbox 461 4408 590 4477; x_wconf 83' lang='lat' dir='ltr'><strong>veniret,</strong></span> <span class='ocrx_word' id='word_1_354' title='bbox 611 4426 647 4462; x_wconf 92' lang='lat' dir='ltr'><strong>ne</strong></span> <span class='ocrx_word' id='word_1_355' title='bbox 666 4409 735 4462; x_wconf 89' lang='lat' dir='ltr'><strong>Dux</strong></span> <span class='ocrx_word' id='word_1_356' title='bbox 756 4408 967 4477; x_wconf 79' lang='lat' dir='ltr'><strong>Segurbiensis</strong></span> <span class='ocrx_word' id='word_1_357' title='bbox 989 4408 1229 4465; x_wconf 83' lang='lat' dir='ltr'><strong>offenderetur...</strong></span> <span class='ocrx_word' id='word_1_358' title='bbox 1250 4418 1281 4463; x_wconf 94' lang='lat' dir='ltr'><strong>et</strong></span> <span class='ocrx_word' id='word_1_359' title='bbox 1299 4410 1368 4481; x_wconf 90' lang='lat' dir='ltr'><strong>quia</strong></span> <span class='ocrx_word' id='word_1_360' title='bbox 1387 4428 1440 4481; x_wconf 89' lang='lat' dir='ltr'><strong>per</strong></span> 
     </span>
     <span class='ocr_line' id='line_1_38' title="bbox 204 4498 1436 4568; baseline 0 -14"><span class='ocrx_word' id='word_1_361' title='bbox 204 4500 317 4554; x_wconf 84' lang='lat' dir='ltr'><strong>litteras</strong></span> <span class='ocrx_word' id='word_1_362' title='bbox 337 4516 404 4553; x_wconf 86' lang='lat' dir='ltr'><strong>suas</strong></span> <span class='ocrx_word' id='word_1_363' title='bbox 420 4499 451 4551; x_wconf 93' lang='lat' dir='ltr'><strong>P.</strong></span> <span class='ocrx_word' id='word_1_364' title='bbox 468 4498 598 4567; x_wconf 81' lang='lat' dir='ltr'><strong>lgnatius</strong></span> <span class='ocrx_word' id='word_1_365' title='bbox 612 4498 779 4567; x_wconf 85' lang='lat' dir='ltr'><strong>injunxerat</strong></span> <span class='ocrx_word' id='word_1_366' title='bbox 793 4500 867 4552; x_wconf 91' lang='lat' dir='ltr'><strong>hanc</strong></span> <span class='ocrx_word' id='word_1_367' title='bbox 881 4498 1132 4568; x_wconf 79' lang='lat' dir='ltr'><strong>profectionem...</strong></span> <span class='ocrx_word' id='word_1_368' title='bbox 1149 4498 1222 4552; x_wconf 89' lang='lat' dir='ltr'><strong>alias</strong></span> <span class='ocrx_word' id='word_1_369' title='bbox 1237 4498 1350 4553; x_wconf 88' lang='lat' dir='ltr'><strong>litteras</strong></span> <span class='ocrx_word' id='word_1_370' title='bbox 1370 4502 1436 4554; x_wconf 89' lang='lat' dir='ltr'><strong>sub·</strong></span> 
     </span>
     <span class='ocr_line' id='line_1_39' title="bbox 203 4586 1437 4660; baseline 0 -17"><span class='ocrx_word' id='word_1_371' title='bbox 203 4589 355 4660; x_wconf 91' lang='lat' dir='ltr'><strong>scriptioni</strong></span> <span class='ocrx_word' id='word_1_372' title='bbox 377 4589 470 4643; x_wconf 91' lang='lat' dir='ltr'><strong>Patris</strong></span> <span class='ocrx_word' id='word_1_373' title='bbox 485 4588 590 4658; x_wconf 83' lang='lat' dir='ltr'><strong>Ignatii</strong></span> <span class='ocrx_word' id='word_1_374' title='bbox 605 4588 636 4643; x_wconf 94' lang='lat' dir='ltr'><strong>P.</strong></span> <span class='ocrx_word' id='word_1_375' title='bbox 660 4586 772 4642; x_wconf 87' lang='lat' dir='ltr'><strong>Natalis</strong></span> <span class='ocrx_word' id='word_1_376' title='bbox 787 4587 966 4659; x_wconf 86' lang='lat' dir='ltr'><strong>superscribi</strong></span> <span class='ocrx_word' id='word_1_377' title='bbox 980 4596 1115 4658; x_wconf 91' lang='lat' dir='ltr'><strong>oportere</strong></span> <span class='ocrx_word' id='word_1_378' title='bbox 1132 4589 1250 4642; x_wconf 90' lang='lat' dir='ltr'><strong>censuit</strong></span> <span class='ocrx_word' id='word_1_379' title='bbox 1270 4592 1348 4657; x_wconf 86' lang='lat' dir='ltr'><strong>(nam</strong></span> <span class='ocrx_word' id='word_1_380' title='bbox 1362 4590 1437 4643; x_wconf 87' lang='lat' dir='ltr'><strong>tales</strong></span> 
     </span>
     <span class='ocr_line' id='line_1_40' title="bbox 202 4677 1438 4750; baseline 0 -17"><span class='ocrx_word' id='word_1_381' title='bbox 202 4678 445 4750; x_wconf 83' lang='lat' dir='ltr'><strong>subscriptiones,</strong></span> <span class='ocrx_word' id='word_1_382' title='bbox 471 4696 537 4733; x_wconf 89' lang='lat' dir='ltr'><strong>curn</strong></span> <span class='ocrx_word' id='word_1_383' title='bbox 556 4677 696 4732; x_wconf 84' lang='lat' dir='ltr'><strong>facultate</strong></span> <span class='ocrx_word' id='word_1_384' title='bbox 723 4677 870 4732; x_wconf 89' lang='lat' dir='ltr'><strong>scribendi</strong></span> <span class='ocrx_word' id='word_1_385' title='bbox 898 4695 973 4749; x_wconf 87' lang='lat' dir='ltr'><strong>quae</strong></span> <span class='ocrx_word' id='word_1_386' title='bbox 1001 4678 1167 4732; x_wconf 87' lang='lat' dir='ltr'><strong>necessaria</strong></span> <span class='ocrx_word' id='word_1_387' title='bbox 1191 4678 1373 4743; x_wconf 75' lang='lat' dir='ltr'><strong>viderentur,</strong></span> <span class='ocrx_word' id='word_1_388' title='bbox 1400 4680 1438 4733; x_wconf 90' lang='lat' dir='ltr'><strong>ab</strong></span> 
     </span>
     <span class='ocr_line' id='line_1_41' title="bbox 203 4760 1437 4840; baseline -0.003 -17"><span class='ocrx_word' id='word_1_389' title='bbox 203 4760 308 4823; x_wconf 82' lang='lat' dir='ltr'><strong>eodem</strong></span> <span class='ocrx_word' id='word_1_390' title='bbox 318 4770 349 4827; x_wconf 83' lang='lat' dir='ltr'><strong>P.</strong></span> <span class='ocrx_word' id='word_1_391' title='bbox 362 4770 476 4840; x_wconf 85' lang='lat' dir='ltr'><strong>ignatio</strong></span> <span class='ocrx_word' id='word_1_392' title='bbox 487 4770 637 4837; x_wconf 83' lang='lat' dir='ltr'><strong>babebat),</strong></span> <span class='ocrx_word' id='word_1_393' title='bbox 650 4768 757 4840; x_wconf 90' lang='lat' dir='ltr'><strong>quibus</strong></span> <span class='ocrx_word' id='word_1_394' title='bbox 770 4768 1017 4839; x_wconf 88' lang='lat' dir='ltr'><strong>praescriberetur</strong></span> <span class='ocrx_word' id='word_1_395' title='bbox 1028 4785 1065 4822; x_wconf 92' lang='lat' dir='ltr'><strong>ne</strong></span> <span class='ocrx_word' id='word_1_396' title='bbox 1076 4768 1340 4838; x_wconf 84' lang='lat' dir='ltr'><strong>Caesaraugustam</strong></span> <span class='ocrx_word' id='word_1_397' title='bbox 1352 4768 1437 4825; x_wconf 78' lang='lat' dir='ltr'><strong>iret.»</strong></span> 
     </span>
    </p>
   </div>
   <div class='ocr_carea' id='block_1_8' title="bbox 1692 5147 1769 5223">
    <p class='ocr_par' dir='ltr' id='par_1_12' title="bbox 1692 4789 1770 5223">
     <span class='ocr_line' id='line_1_42' title="bbox 1692 5147 1769 5223; baseline 0 0"><span class='ocrx_word' id='word_1_398' title='bbox 1692 5147 1769 5223; x_wconf 64' lang='lat'><strong>„..</strong></span> 
     </span>
    </p>
   </div>
   <div class='ocr_carea' id='block_1_9' title="bbox 0 0 1788 5409">
    <p class='ocr_par' dir='ltr' id='par_1_13' title="bbox 0 0 1788 5409">
     <span class='ocr_line' id='line_1_43' title="bbox 0 0 1788 5409; baseline 0 4"><span class='ocrx_word' id='word_1_399' title='bbox 0 0 1788 5409; x_wconf 95' lang='lat' dir='ltr'><strong> </strong></span> 
     </span>
    </p>
   </div>
  </div>
 </body>
</html>
