3567 5409
348 491 400 550 232
725 493 935 550 Moridunum
948 493 1127 550 [aarum

313 649 332 716 ὲ
349 669 409 734 per
426 647 532 713 molto
551 647 692 715 laudare
709 645 820 728 Iddi0,
839 659 875 714 et
894 666 1032 734 sperare
1051 649 1115 716 che
1130 644 1282 713 habbino
1296 645 1340 712 ad
1355 667 1471 716 emere
1485 645 1549 713 in·

314 763 495 831 strumenti
510 763 554 830 de
569 763 701 850 grande
716 761 858 830 seruitio
873 783 951 832 suo.

380 882 448 948 Per
463 892 584 964 questa
600 900 705 967 opera
725 880 762 949 S.
782 879 819 948 S.
838 889 874 948 et
888 877 913 944 li
934 877 1096 946 cardinali
1117 881 1233 946 hanno
1252 878 1350 944 datto
1373 877 1548 966 principio

312 994 368 1063 del
384 1015 460 1075 suo,
479 994 514 1060 in
531 995 633 1062 modo
649 995 714 1060 che
725 996 855 1062 hauera
867 1015 927 1080 per
939 994 1107 1080 spendere
1118 995 1267 1080 qualche
1278 993 1450 1062 mediocre
1462 1015 1545 1080 pro-

312 1109 448 1178 uisione
463 1119 477 1151 ⁰
492 1109 514 1176 l'
533 1131 624 1176 anno
638 1111 662 1192 ⁸;
676 1131 732 1176 ma
744 1130 805 1196 per
816 1131 911 1178 esser
922 1110 1098 1178 releuante
1112 1108 1159 1176 tal
1174 1130 1280 1196 opera
1291 1131 1352 1196 per
1367 1111 1401 1178 lo
1413 1107 1547 1197 aggiu-

312 1235 348 1292 to
362 1227 453 1294 della
470 1224 677 1312 Alemagna,
695 1223 724 1292 si
740 1224 879 1312 giudice
891 1225 1082 1293 doueriano
1095 1224 1275 1294 tratenersi
1291 1225 1328 1291 in
1343 1226 1459 1311 quello
1474 1241 1546 1292 200

312 1341 435 1410 scolari
451 1363 555 1410 sanza
571 1341 647 1408 altri
665 1339 823 1422 ministri,
843 1361 904 1428 per
918 1339 942 1406 li
958 1340 1051 1426 quali
1066 1342 1258 1410 sarebbeno
1271 1340 1456 1410 necessarii
1468 1351 1547 1407 otto

311 1477 440 1524 onoue
456 1456 560 1524 millia
576 1455 692 1524 ducati
710 1454 743 1522 d'
759 1454 897 1523 intrata.
916 1458 960 1523 Et
976 1455 1049 1524 cosi
1070 1458 1137 1524 che
1157 1457 1193 1526 S.
1217 1458 1255 1525 S.
1280 1466 1316 1526 et
1331 1455 1356 1522 li
1376 1455 1546 1523 cardinali

313 1571 500 1660 sopradetti
515 1574 632 1640 hanno
648 1571 824 1660 giudicato
839 1593 935 1640 esser
951 1571 1168 1641 neccessario
1179 1573 1232 1639 far
1247 1569 1376 1640 ricorso
1387 1593 1409 1639 a
1420 1573 1459 1642 S.
1475 1574 1542 1652 M.,

311 1710 332 1756 a
347 1688 403 1756 chi
419 1689 465 1755 ha
480 1689 577 1756 datto
589 1687 657 1756 Dio
670 1687 714 1756 N.
731 1689 783 1768 S.‚
800 1709 868 1754 non
881 1689 1069 1756 solamente
1081 1696 1176 1755 tanta
1188 1687 1353 1775 potentia,
1369 1709 1426 1755 rna
1437 1687 1544 1755 etiam

314 1813 407 1872 tanto
423 1803 580 1890 singular
599 1805 675 1872 zelo
697 1805 741 1872 de
762 1815 956 1873 restaurare
976 1804 1010 1869 la
1031 1803 1210 1890 relligione
1225 1803 1411 1872 christiana
1430 1816 1466 1871 et
1481 1823 1544 1870 ca-

313 1917 439 1985 tholica
455 1919 510 1986 nel
526 1940 590 1986 suo
606 1920 749 2008 imperio
763 1921 808 1989 de
824 1920 1032 2006 Alemagna,
1051 1920 1147 1987 accio
1163 1924 1244 2000 che,
1266 1941 1366 1988 como
1380 1921 1426 1986 ha
1443 1931 1545 1986 tanto

315 2034 401 2101 fatto
417 2055 477 2120 per
499 2035 554 2101 uia
576 2012 656 2103 delli
679 2055 790 2116 orme,
814 2048 851 2103 et
871 2035 974 2104 etiam
995 2036 1050 2103 del
1067 2034 1230 2118 concilio,
1255 2058 1315 2122 per
1335 2035 1543 2122 guadagnar

315 2151 428 2236 quelle
445 2151 573 2218 nationi
589 2173 608 2218 a
624 2151 781 2235 Christo,
800 2151 934 2240 aggiuti
956 2156 1106 2219 anchora
1126 2173 1187 2239 per
1206 2164 1329 2239 questa
1346 2151 1419 2230 uia,
1436 2152 1540 2237 quale

314 2267 391 2333 aerei
408 2267 499 2336 forsa
516 2279 612 2336 tanto
628 2269 767 2335 efficace
788 2280 919 2354 quanto
939 2269 1026 2335 altra
1047 2286 1198 2336 nessuna
1214 2289 1316 2355 possa
1336 2288 1447 2349 esser3
1465 2267 1542 2353 poi·

315 2383 379 2450 che
395 2405 465 2450 non
480 2383 686 2453 basterebbe
701 2386 766 2452 che
784 2385 875 2451 fosse
886 2384 1096 2472 soggiogata
1110 2403 1176 2450 con
1188 2405 1283 2450 arme
1297 2384 1319 2448 l'
1332 2384 1543 2470 Alemagna,

314 2499 357 2566 ne
374 2502 483 2566 anche
498 2501 565 2568 che
581 2499 608 2566 si
625 2499 816 2568 acettasino
832 2499 868 2566 in
885 2501 1046 2587 generale
1061 2501 1094 2566 le
1108 2499 1302 2566 diffinitioni
1313 2500 1368 2570 del
1380 2497 1545 2580 coneilio,

315 2635 353 2683 se
368 2636 439 2682 non
458 2613 586 2682 fossino
602 2615 753 2696 vescoui,
768 2615 890 2696 curati,
905 2613 1110 2702 predicatori
1125 2625 1160 2681 et
1176 2613 1301 2696 lettori‚
1317 2615 1422 2700 quali,
1440 2614 1547 2684 estir-

316 2729 429 2818 pando
444 2730 477 2796 la
493 2729 607 2799 radice
624 2731 712 2798 della
725 2732 813 2798 mala
828 2730 986 2799 doctrina
1001 2730 1107 2797 verbo
1121 2740 1158 2798 et
1172 2732 1340 2816 exemplo,
1360 2728 1547 2818 plantassi·

317 2866 362 2912 no
382 2846 417 2911 la
436 2845 553 2913 buona
569 2845 651 2912 nelli
672 2845 767 2914 cuori
788 2845 868 2913 delli
889 2845 1061 2926 huomini,
1083 2847 1116 2912 al
1136 2847 1237 2932 quale
1259 2846 1328 2914 fine
1351 2847 1548 2915 eordinato

319 2973 443 3046 questo
458 2961 619 3047 collegio.

384 3075 422 3145 Si
438 3075 594 3164 supplica
609 3079 766 3146 adoncha
783 3101 802 3145 a
819 3080 855 3146 S.
876 3080 924 3147 M.
943 3078 973 3144 si
989 3077 1096 3166 degni
1107 3077 1292 3164 aggiutare
1303 3089 1426 3164 questa
1441 3097 1550 3166 opera

318 3213 386 3260 con
409 3193 531 3260 alcune
551 3193 677 3262 intrate
697 3193 741 3262 de
762 3215 826 3262 sua
847 3193 1117 3280 presentatione,
1135 3204 1170 3260 et
1186 3195 1309 3261 alcone
1331 3193 1506 3281 pensioni,
1525 3217 1550 3262 o

317 3323 416 3376 corno
433 3308 558 3396 meglio
575 3313 694 3396 parerd
710 3332 731 3376 a
748 3311 786 3379 S.
806 3311 853 3378 M.

384 3423 421 3494 Si
438 3422 644 3492 demanderd
662 3424 764 3492 etiam
785 3425 880 3494 aiuto
903 3427 936 3492 al
952 3447 989 3493 re
1005 3427 1049 3495 de
1066 3425 1225 3492 romani·
1247 3438 1283 3494 et
1298 3428 1330 3494 al
1346 3425 1443 3497 rede
1459 3427 1549 3494 Por·

319 3540 451 3626 tugallo
468 3543 492 3622 τ;
511 3561 567 3607 ma
583 3541 620 3610 S.
641 3543 689 3609 M.
707 3541 742 3607 in
759 3541 842 3627 ogni
859 3562 940 3610 cosa
957 3541 1028 3631 [h]a
1043 3563 1138 3611 esser
1153 3542 1177 3608 il
1193 3563 1295 3629 capo,
1312 3554 1347 3610 et
1368 3541 1547 3630 aggiutar,

323 3675 390 3722 non
404 3655 594 3725 solamente
610 3677 674 3724 con
697 3677 760 3724 sua
782 3671 891 3744 parte,
915 3679 970 3724 ma
990 3657 1091 3726 etiam
1113 3679 1180 3725 con
1195 3658 1432 3746 lo'essempio,
1450 3656 1551 3726 accio

321 3771 344 3839 l'
360 3771 436 3839 altri
453 3771 596 3860 principi
613 3771 807 3860 agglutino.

385 3887 422 3958 Si
439 3889 535 3974 potrd
551 3887 654 3958 etiam
667 3887 842 3956 informar'
859 3891 897 3959 S.
913 3893 960 3958 M.
978 3889 1091 3959 chela
1102 3889 1318 3979 Compagnia
1333 3889 1368 3956 di
1379 3893 1553 3980 Jesdnon

319 4005 363 4070 ha
381 4006 499 4071 uoluto
517 4004 659 4092 pigliare
681 4017 848 4092 assunpto
867 4005 925 4072 del
947 4008 1153 4094 temporale,
1174 4027 1230 4074 ma
1250 4008 1441 4074 solamente
1459 4005 1553 4075 delle

319 4140 400 4186 cose
416 4119 582 4205 spirituali
600 4121 705 4188 dette:
726 4124 768 4188 ne
786 4143 830 4208 po
845 4124 954 4191 hauer
974 4123 1060 4190 altra
1079 4120 1204 4203 utilite,
1223 4145 1260 4193 se
1277 4144 1347 4190 non
1362 4124 1387 4189 l'
1404 4121 1553 4190 eeserci·

324 4241 516 4254 Ἣ

371 4313 385 4342 ⁶
422 4299 485 4354 loco
501 4300 695 4372 superiorum
715 4303 814 4358 trium
831 4303 1001 4368 verborum,
1017 4305 1108 4374 prius
1121 4305 1270 4376 scriptum
1287 4277 1363 4371 fuit:
1378 4303 1486 4360 incirca
1499 4301 1553 4360 doi

321 4387 422 4458 miglla
436 4388 530 4447 scudl.

323 4485 515 4497 .—-—·——-

340 4532 382 4632 θ’
420 4529 562 4674 Vipgatur
576 4533 784 4606 Scttttottossn,
800 4535 1031 4595 Monumenta...
1045 4535 1168 4608 collegii
1177 4535 1352 4608 germanici
1363 4535 1554 4608 ethungors·
1592 4532 1600 4559 ⁸

317 4635 661 4765 ⁶²,f‘aglierdinandu8L
984 4719 995 4749 ¹
1034 4715 1164 4786 joannes
1176 4713 1229 4770 111.
