3567 5409
721 464 926 519 Mouuuaurn
951 464 1129 519 tonantius

505 738 644 806 onom
668 616 1079 808 errsln⁴i1²t⁰m10
1104 741 1166 807 Ex
1191 741 1343 810 comt.

728 866 817 909 aona
834 852 867 909 31
887 866 996 909 tanaro
1018 868 1086 925 ¹554
1105 856 1126 907 ¹.

307 978 487 1033 Sottotattici
498 980 540 1033 ad
548 978 712 1052 collegium
723 980 940 1053 germanicum
951 980 1098 1036 destinati
1110 980 1237 1035 Romam
1246 988 1423 1053 pervenere:
1436 982 1552 1055 Lippa

360 1083 471 1120 ananus
484 1068 636 1123 indemnis
649 1070 804 1125 reddetur.
846 1068 891 1123 Da
901 1069 1104 1139 prohibitione
1115 1068 1465 1141 audiendifeminurum
1475 1087 1551 1127 ωτι-

353 1152 504 1225 fessiones
509 1154 600 1227 fucta
611 1156 826 1223 sacerdotibus,
838 1157 892 1227 qui
904 1158 1098 1229 trigesimum
1112 1163 1227 1213 sextum
1239 1177 1356 1213 arritum
1371 1176 1433 1213 non
1445 1160 1553 1232 expia·

360 1244 556 1303 verint-Da
567 1246 656 1301 sociis
665 1245 794 1319 infirma
806 1246 958 1302 utentibus
968 1247 1152 1305 valetudine.
1160 1250 1237 1302 -Do
1246 1247 1319 1302 otiis
1337 1249 1476 1304 Venetiae
1488 1254 1551 1304 aut

365 1334 532 1389 Patavium
552 1331 717 1391 mittendis.
728 1335 826 1389 -Non
843 1336 963 1407 expedit
981 1341 1015 1389 ut
1031 1335 1092 1391 olii
1111 1336 1312 1409 cottsessiones
1332 1338 1491 1410 excipiant
1512 1339 1552 1392 in

359 1425 484 1496 templo,
497 1424 548 1478 nbi
557 1426 655 1479 nostri
667 1423 832 1495 excipiunt.
843 1426 916 1479 -De
929 1429 1052 1481 externo
1064 1442 1156 1495 coquo
1168 1430 1197 1482 et
1210 1427 1386 1483 obsonatoro
1398 1428 1441 1481 ott
1453 1428 1552 1483 socio·

361 1531 430 1567 rum
445 1530 534 1567 usum
546 1514 723 1569 nditibendo.
740 1546 747 1551 -
771 1514 959 1568 t'nletudinis
971 1532 1048 1569 cura
1058 1514 1552 1587 conrrnerrdotur.-Soriialiquot

362 1601 395 1657 in
410 1602 594 1657 Floridriorrr
607 1602 874 1673 profecturi-De
887 1604 1014 1672 nogotio
1021 1602 1154 1676 Joortnis
1166 1606 1203 1659 de
1217 1604 1304 1660 Alba.

380 1749 451 1812 Pax
465 1744 522 1812 X}

378 1864 466 1949 Faro
488 1874 641 1948 resposta
662 1882 722 1947 per
741 1873 863 1945 questa
882 1884 904 1927 a
924 1863 991 1927 due
1012 1864 1056 1929 de
1079 1864 1120 1929 V.
1147 1865 1201 1941 tt„
1226 1865 1269 1931 de
1295 1882 1333 1945 17
1355 1874 1391 1931 et
1413 1882 1457 1946 24
1488 1866 1549 1931 del

310 1972 478 2063 prasente„

378 2091 417 2160 Li
435 2091 618 2159 thudeschi
634 2092 814 2159 arriuorno
825 2092 849 2156 il
867 2094 919 2183 .²·⁰
932 2093 1055 2179 giorno
1070 2094 1114 2160 de
1129 2116 1260 2179 pasqua
1271 2108 1285 2135 ⁸
1301 2098 1441 2163 aRoma
1454 2097 1481 2167 ¹.
1500 2094 1544 2165 Si

311 2200 490 2294 procurati
509 2208 543 2273 in
559 2185 643 2295 ogni
661 2210 761 2275 modo
776 2211 842 2275 cha
857 2208 879 2273 il
898 2210 982 2276 Rdo.
1005 2210 1203 2297 monsignor
1219 2213 1231 2244 ³
1248 2212 1299 2279 sia
1315 2214 1468 2281 releuato
1487 2212 1544 2277 in·

309 2325 446 2404 domne,
469 2324 594 2410 poich&
615 2346 683 2389 non
705 2327 721 2390 ὲ
744 2324 860 2409 giusta
881 2326 959 2404 che,
978 2346 1038 2410 par
1055 2329 1162 2393 bauer
1182 2337 1282 2393 usato
1297 2328 1329 2393 la
1351 2328 1481 2395 chariti
1502 2338 1541 2395 et

312 2440 489 2526 benignita
505 2460 571 2505 con
591 2440 676 2518 loro,
700 2440 825 2507 habbia
844 2463 864 2506 a
886 2440 974 2526 patir
995 2441 1122 2509 danno.
1146 2444 1202 2509 Ma
1224 2463 1283 2527 per
1305 2454 1433 2526 queste!
1449 2444 1541 2509 leste

311 2577 379 2622 non
395 2555 422 2622 si
440 2557 461 2622 ὁ
478 2568 596 2640 potuto
611 2554 723 2622 insino
739 2556 861 2623 adesso
877 2556 976 2623 finire
991 2556 1014 2621 il
1030 2556 1174 2641 negocio
1186 2558 1220 2623 di
1232 2570 1352 2642 questa
1367 2559 1543 2643 prouisio·

311 2692 366 2750 ne,
384 2684 609 2755 quantunque
624 2670 652 2735 si
668 2672 689 2736 ὁ
705 2671 790 2736 fatto
806 2672 829 2733 l’
849 2671 957 2737 usfitio
974 2673 1098 2738 alcune
1120 2673 1225 2741 uolte.
1244 2676 1301 2741 Ma
1321 2685 1435 2759 presto
1461 2694 1547 2759 pre-

310 2788 364 2851 sto
379 2786 408 2851 si
425 2773 609 2871 proculerai'
623 2784 657 2849 di
669 2777 772 2851 oauar
789 2784 812 2848 il
825 2786 912 2853 Rdo.
930 2785 1130 2873 monsignor
1145 2788 1180 2854 di
1197 2802 1319 2872 questo
1335 2789 1487 2855 asfanno.
1504 2788 1546 2857 Si

310 2903 330 2968 i
345 2901 466 2967 scritto
481 2900 584 2973 etiam
601 2922 620 2965 a
637 2900 747 2967 Viena
761 2901 827 2967 cha
842 2922 911 2967 non
927 2902 1086 2967 mandino
1102 2903 1212 2970 simile
1230 2926 1373 2987 persone
1390 2926 1450 2991 per
1473 2904 1545 2971 Ve-

312 3016 417 3083 notia.

378 3131 479 3198 Circa
494 3131 525 3197 la
543 3131 721 3198 inibitione
737 3134 834 3210 satta,
852 3133 896 3197 de
914 3155 981 3197 non
997 3135 1174 3201 contessar
1186 3135 1300 3203 donne
1312 3135 1369 3201 chi
1382 3157 1451 3224 non
1466 3158 1545 3220 pas·

312 3248 386 3315 sarit
403 3247 449 3345 36
464 3248 558 3337 anni,
576 3247 603 3313 si
621 3245 723 3313 crede
739 3269 800 3333 per
815 3249 961 3332 qualche
979 3250 1070 3314 buon
1089 3250 1231 3335 rispetto
1246 3251 1274 3317 si
1288 3252 1364 3317 sari
1379 3225 1479 3331 fatto.
1494 3252 1547 3321 Se

314 3363 358 3430 V.
378 3344 501 3430 Rss'no'n
519 3364 630 3429 arriua
646 3386 666 3429 a
682 3365 761 3449 quel
779 3376 905 3449 tempo,
923 3364 1000 3432 seri
1023 3366 1200 3452 allegerito
1221 3367 1256 3431 d'
1279 3368 1402 3433 alcuna
1416 3368 1543 3449 latica,

312 3502 368 3545 ma
384 3479 441 3565 gia
457 3483 485 3545 s'
503 3502 561 3547 era
578 3481 663 3545 fatto
679 3478 825 3564 disegno
843 3480 887 3545 de
904 3482 1045 3547 mandat
1062 3482 1098 3546 in
1115 3482 1260 3549 Venetia
1278 3504 1323 3549 un
1346 3484 1542 3561 sacerdote,

314 3594 337 3659 il
353 3596 433 3679 qual
450 3616 549 3680 passa
570 3614 614 3676 40
636 3594 729 3674 anni,
751 3595 807 3663 del
828 3595 929 3679 quale
954 3591 1010 3661 un'
1032 3596 1118 3662 altra
1141 3598 1233 3662 uolta
1253 3620 1290 3663 se
1312 3598 1461 3665 scriueni
1484 3599 1545 3686 piu

315 3710 567 3778 diffusamenle.
1168 3781 1171 3789 ⁴
1190 3787 1194 3794 .

381 3826 446 3892 Del
467 3825 600 3892 fratello
618 3828 749 3913 jacobo
770 3828 783 3857 ⁴
806 3848 872 3892 non
890 3826 919 3891 si
944 3848 1094 3912 pensaua
1118 3830 1184 3895 che
1206 3828 1343 3894 andassi
1365 3850 1424 3914 per
1448 3852 1547 3899 esser

368 4046 381 4072 ι
419 4032 525 4101 pascha
538 4046 593 4087 ms.
606 4030 671 4085 Ireic
684 4035 712 4084 et
724 4030 825 4100 infru.

322 4155 514 4165 ...—

371 4231 380 4262 ¹
418 4228 462 4281 Ex
474 4226 577 4281 codice
593 4227 710 4300 Regest.
725 4227 767 4293 tt,
782 4226 835 4285 fot.
847 4226 895 4287 80.

368 4315 380 4347 ¹
417 4318 463 4370 De
476 4316 522 4370 his
534 4315 720 4372 scholasticis
733 4316 849 4371 Vienna
861 4318 899 4371 ad
915 4320 1076 4388 collegium
1092 4320 1295 4389 germanicum
1315 4322 1424 4390 missis,
1441 4324 1493 4395 qui
1511 4322 1550 4378 26

315 4406 413 4461 Martii
426 4407 548 4460 Romam
563 4414 772 4477 pervenerunt,
785 4405 943 4462 videantur
952 4406 1077 4479 epistola
1090 4406 1162 4477 4329
1174 4416 1205 4463 et
1221 4409 1405 4483 Postuerta,
1420 4412 1551 4481 Cliton„

317 4496 365 4568 w,
379 4495 431 4565 237
441 4503 472 4550 et
486 4493 537 4549 238
549 4512 617 4550 cum
630 4494 871 4551 annotationibus
884 4497 953 4551 huic
967 4498 1032 4551 loco
1046 4496 1200 4567 subjectis.

370 4588 381 4618 ⁸
418 4584 554 4639 Andreas
568 4584 776 4656 Lippomanus,
791 4586 869 4656 prior
882 4584 1003 4640 SSmae.
1019 4584 1182 4642 Trinitatis.

372 4680 382 4709 ‘
419 4676 548 4745 jacobus
559 4673 745 4733 florentinus.
762 4674 857 4747 Epist.
876 4674 1001 4743 Mixtus,
1014 4672 1055 4727 lV
1083 4688 1147 4747 209.
