3567 5409
388 457 441 514 268
767 459 975 518 Nonuuenra
993 459 1174 536 Ion-annun

369 669 373 678 .
423 613 487 682 Del
503 613 636 684 battere
653 635 673 681 o
689 615 750 681 dar
765 615 932 700 spalmate
946 613 1004 681 alli
1020 613 1182 698 scholari,
1201 616 1247 685 N.
1265 615 1308 683 P.
1326 611 1395 688 non'
1416 612 1439 679 l’
1459 613 1505 679 ha
1525 631 1580 678 vo
1596 653 1600 658 -

353 728 428 800 luto
446 739 652 816 permettere
672 751 693 798 a
714 730 834 800 nissun
855 730 1002 818 collegio
1024 731 1058 798 d'
1080 731 1189 812 Italia,
1213 752 1272 812 ma,
1288 731 1353 798 che
1373 729 1400 796 li
1425 727 1597 816 faeciano

356 843 529 932 castigare
546 865 607 932 per
622 844 645 911 il
661 858 866 916 correctore.
990 925 993 929 J
1063 921 1065 923 .

423 959 513 1028 Nelli
529 960 673 1059 eappeili
690 961 709 1028 ὲ
725 983 806 1030 cosa
821 961 993 1049 ordinaria
1015 964 1062 1048 ha
1073 961 1239 1048 ¹Antonio
1261 962 1349 1030 Rion
1369 960 1444 1030 dire
1465 961 1598 1049 parole

288 1141 290 1145 ,
358 1087 455 1144 tanto
470 1076 570 1163 graui
586 1087 620 1146 et
636 1079 746 1144 anche
770 1078 828 1165 piu
849 1081 915 1146 che
930 1081 1091 1166 superbo,
1110 1089 1206 1146 tanto
1226 1100 1247 1145 a
1268 1077 1438 1148 sacerdoti
1453 1088 1602 1163 quanto

353 1190 416 1270 ¹alli
432 1191 510 1258 altri
526 1194 556 1259 ⁸..
992 1274 995 1279 Ι
1465 1210 1468 1216 ·

426 1307 451 1374 11
467 1295 636 1388 ministro,
659 1309 853 1376 ancorache
875 1308 927 1376 sia
946 1308 1046 1390 laico,
1068 1311 1139 1398 puri
1159 1310 1220 1394 dar
1240 1306 1431 1395 penitentia
1450 1307 1512 1374 alli
1535 1329 1601 1374 sa·

356 1422 499 1504 oerdoti,
517 1445 554 1490 se
571 1423 595 1489 il
606 1425 723 1494 rettor'
739 1423 763 1492 li
778 1424 861 1492 dara
885 1426 933 1492 tal
947 1424 1128 1516 auctoriti5
1144 1426 1221 1492 sera
1243 1446 1307 1512 pur
1322 1425 1366 1492 de
1389 1424 1423 1490 la
1443 1423 1603 1491 discret-

360 1537 454 1606 tione
469 1538 505 1605 di
520 1561 598 1606 esso
614 1539 938 1628 giudicareuquanto
953 1540 982 1608 si
998 1541 1112 1610 debba
1127 1532 1319 1610 coireedere
1334 1562 1355 1607 a
1371 1539 1417 1606 tal
1433 1537 1604 1606 ministro

358 1674 462 1740 sopra
479 1654 537 1722 tati
553 1667 587 1722 et
604 1655 663 1722 tali
680 1677 838 1741 persone.

337 1829 342 1851 ,
423 1771 469 1840 Se
485 1769 566 1838 tutti
581 1771 697 1858 quelli,
716 1755 838 1858 piccoli
853 1795 874 1840 o
891 1773 1027 1860 grandi,
1050 1777 1116 1843 che
1135 1773 1274 1841 intrano
1295 1774 1331 1840 in
1352 1793 1446 1852 casa,
1469 1783 1507 1842 et
1534 1792 1605 1858 per

359 1885 452 1954 sorza
475 1886 638 1974 vogliono
665 1887 770 1957 osser'
791 1889 950 1969 riceuuti,
974 1889 1104 1958 fossino
1127 1889 1281 1972 acettati,
1303 1887 1602 1957 mostrarebbeno

358 2002 391 2068 la
407 2001 462 2068 via
477 2024 498 2071 a
515 2003 595 2070 tutti
611 2004 635 2069 li
650 2003 727 2070 altri
742 2006 809 2074 che
821 2005 994 2074 volessero
1015 2005 1208 2091 irnpararla‚
1226 2007 1289 2072 hor
1313 2005 1396 2074 fossi
1416 2004 1502 2091 apti,
1528 2005 1604 2070 hor

359 2117 480 2204 inepti,
499 2123 562 2186 hor
576 2122 621 2189 de
636 2119 692 2187 eta
708 2131 743 2186 et
754 2131 899 2203 statura,
917 2123 980 2189 hor
994 2143 1099 2188 senza
1114 2123 1240 2206 quella3
1258 2144 1319 2209 per
1334 2119 1442 2188 intrat
1458 2119 1498 2186 in
1511 2141 1602 2188 casa

360 2255 429 2300 non
447 2256 528 2321 pare
543 2236 706 2322 adunque
722 2239 787 2304 che
804 2235 832 2302 si
850 2237 958 2304 faccia
973 2239 1022 2303 tal
1042 2238 1163 2324 regula
1178 2238 1352 2324 generale.
1375 2239 1433 2306 Ma
1454 2249 1603 2321 quanto

362 2373 382 2418 a
398 2352 556 2420 Uerdura
571 2365 606 2420 et
622 2353 725 2437 quell'
744 2354 831 2434 altro
846 2353 890 2421 de
909 2351 1011 2435 Parti,
1029 2353 1087 2440 gia
1103 2353 1148 2421 N.
1169 2355 1208 2420 Ρ.
1223 2355 1244 2420 ὁ
1259 2365 1349 2420 stato
1360 2363 1550 2434 eontent03
1564 2363 1604 2420 et

341 2542 343 2550 ¹
360 2468 498 2551 quando
515 2467 596 2535 fossi
612 2469 752 2552 qualch'
770 2490 838 2536 vno
856 2477 952 2535 tanto
967 2489 1043 2535 raro
1055 2467 1245 2555 supposito,
1259 2491 1299 2538 se
1311 2467 1420 2554 potria
1432 2467 1602 2538 scriuere

360 2584 442 2650 aN.
465 2585 519 2666 P,
537 2594 573 2652 et
587 2583 624 2650 in
644 2595 767 2671 questo
790 2605 887 2652 mezo
906 2584 1091 2652 collocarlo
1111 2583 1146 2652 in
1163 2585 1307 2672 qualche
1331 2596 1441 2671 parte,
1467 2605 1488 2650 o
1509 2605 1605 2650 uero

364 2698 496 2766 tenerlo
508 2719 606 2766 come
619 2699 755 2786 hospite
767 2699 803 2766 in
815 2721 895 2766 casa
905 2697 1019 2766 insino
1031 2723 1051 2768 a
1064 2709 1162 2765 tanto
1174 2701 1240 2766 che
1250 2703 1280 2766 s'
1293 2697 1421 2767 habbia
1431 2697 1603 2785 risposta.

427 2815 493 2882 Del
508 2814 675 2900 spendore
692 2815 713 2880 l’
733 2814 917 2884 elemosine
933 2815 988 2882 del
1004 2815 1133 2881 vicerre
1145 2816 1156 2848 ’
1169 2836 1229 2900 per
1241 2815 1365 2895 banco,
1380 2837 1418 2882 se
1429 2813 1460 2880 si
1471 2825 1603 2900 potes-

362 2929 403 3009 si,
422 2929 511 2998 seria
526 2931 627 3012 bene;
646 2951 684 3000 se
700 2952 772 2997 non
787 2931 816 2998 si
832 2934 915 3018 puo,
934 2953 994 3018 per
1017 2930 1107 2998 darsi
1130 2942 1227 3018 tanto
1248 2931 1283 2998 in
1304 2943 1457 3009 menum,
1481 2930 1604 2996 faccia

365 3047 407 3114 V.
425 3047 467 3113 R.
485 3065 586 3113 corne
602 3047 651 3134 gli
667 3047 799 3134 pareri.
1455 3044 1459 3050 “

433 3163 482 3230 Le
498 3162 745 3230 constitutioni
762 3164 805 3230 de
821 3165 864 3232 N.
886 3166 943 3245 P,
960 3184 1059 3232 corne
1076 3184 1146 3230 non
1162 3184 1273 3230 sonno
1285 3171 1469 3248 stampate,
1487 3161 1506 3229 ὲ
1529 3183 1604 3228 vna

363 3299 444 3346 cosa
456 3280 561 3346 molto
578 3279 681 3366 longa
696 3279 856 3366 copiarle;
874 3291 910 3347 et
925 3282 1034 3346 anche
1052 3301 1113 3365 per
1124 3279 1158 3346 la
1170 3277 1365 3346 omnimoda
1378 3275 1605 3346 resolucione

364 3405 400 3462 et
415 3405 558 3464 mettere
571 3395 603 3461 la
619 3395 736 3462 vltima
753 3416 866 3476 mano,
885 3397 929 3463 N.
952 3397 991 3462 P.
1010 3406 1143 3481 aspetta
1159 3395 1192 3461 la
1209 3407 1344 3463 tornata
1356 3393 1391 3461 di
1405 3397 1508 3462 Mtro.
1526 3393 1606 3462 Na·

366 3513 445 3592 tale,
471 3513 538 3579 ohe
559 3512 578 3576 l'
603 3513 647 3578 ha
669 3511 843 3597 publicato
869 3511 905 3577 in
935 3512 1136 3597 Portugalio
1156 3523 1192 3580 et
1216 3511 1370 3598 Spagna,
1395 3523 1430 3576 et
1455 3508 1604 3577 referiri

367 3628 482 3712 quello
498 3629 565 3695 che
582 3639 705 3694 truoua
721 3628 755 3692 in
774 3628 898 3696 alcone
914 3648 994 3694 cose
1009 3627 1115 3693 dubie
1131 3649 1192 3713 per
1208 3625 1410 3714 isperienza.

434 3745 470 3809 In
491 3744 567 3811 loco
587 3745 630 3811 de
650 3743 767 3830 giocar
789 3743 844 3809 alli
865 3743 968 3822 brilli,
990 3743 1024 3809 di
1049 3765 1116 3829 qua
1137 3744 1182 3810 N.
1208 3745 1251 3809 P.
1273 3745 1319 3808 ha
1339 3741 1517 3828 giudicato
1539 3741 1604 3828 piri

367 3860 597 3927 conueniente
618 3859 757 3948 giocare
779 3861 844 3926 alle
865 3859 1037 3946 piastrelle
1061 3859 1083 3925 li
1107 3859 1261 3944 giouani;
1288 3880 1350 3945 pur
1374 3868 1498 3942 questo
1527 3879 1603 3924 non

368 3975 549 4042 condenna
568 3975 590 4040 li
603 3975 703 4041 brilli.
871 3962 879 3984 '

435 4092 500 4158 Del
517 4091 567 4160 far
583 4091 844 4158 mortificatione
860 4103 895 4160 et
912 4089 1078 4178 predicar'
1105 4112 1165 4176 per
1180 4091 1213 4158 le
1228 4089 1346 4176 piazze
1366 4099 1449 4169 eto,
1474 4111 1561 4157 cosa
1579 4091 1598 4157 ὲ

369 4239 562 4252 ψ

421 4327 433 4358 ³
471 4325 534 4378 Mos
547 4333 610 4379 erat
622 4324 653 4378 in
665 4339 785 4380 romana
797 4323 896 4392 domo,
910 4325 1053 4395 probante
1070 4321 1191 4396 quidem
1210 4322 1335 4393 Ignatio,
1355 4330 1388 4376 ut
1407 4320 1546 4394 «quidam
1566 4339 1605 4378 ex

369 4412 450 4468 iaicis
459 4412 609 4484 fratribus,
623 4412 770 4469 Antonius
781 4414 856 4469 Riou
869 4414 999 4484 nomine,
1014 4455 1047 4476 ,..
1061 4410 1267 4485 prandentium
1278 4413 1342 4470 in...
1355 4410 1489 4466 mensula
1498 4411 1605 4485 cuipas

369 4501 501 4558 dicteriis
518 4511 568 4556 aut
585 4504 716 4574 capellis,
737 4512 770 4557 ut
789 4512 925 4570 vocant»,
944 4513 1091 4575 carperet,
1109 4501 1211 4574 sicque
1228 4499 1417 4573 poenitentes
1434 4510 1604 4558 exerceret.

372 4593 554 4662 PornncUS,
572 4592 694 4656 chron„
710 4593 749 4658 11,
768 4591 826 4648 163.

424 4686 436 4717 ⁹
474 4684 709 4754 JoannesVega.
