3567 5409
536 507 640 567 Errsr.
660 507 987 579 4102.-23Jnnunm1
1008 519 1077 591 1554
1326 504 1379 576 237

196 665 299 746 (quam
314 681 468 728 summus
480 659 635 747 pontifex
650 659 973 728 communicandam
989 659 1021 730 ei
1038 657 1189 744 tradidit)
1206 659 1356 727 animam
1374 659 1413 726 li-

195 774 324 843 berandi
341 797 361 843 a
376 775 577 864 purgatorio
593 775 868 862 quotiescunque
889 775 1026 844 missam
1048 772 1248 846 celebrabit.
1273 776 1414 863 Optime

194 893 277 962 enirn
292 893 523 960 collocandam
538 891 734 960 huiusmodi
751 893 948 962 facultatem
965 891 1002 958 in
1017 892 1061 959 V.
1077 893 1118 958 R.
1137 890 1320 959 existimat.

256 1007 337 1076 Uale
352 1007 387 1073 in
403 1005 482 1089 X.⁰,
503 1007 606 1077 Pater
622 1005 834 1075 charissime.

255 1125 378 1191 Romae
394 1141 436 1208 23
449 1122 604 1212 Januarii
620 1137 717 1208 1554.

254 1238 402 1308 Litterae
418 1237 531 1306 Patris
547 1239 712 1306 Gambari
727 1237 783 1306 cui
798 1238 873 1306 dari
889 1240 1051 1319 debeant,
1073 1238 1251 1326 apparebit
1271 1261 1316 1307 ex
1337 1238 1415 1308 eius

196 1375 281 1421 nouo
296 1354 423 1441 scripto
438 1375 518 1422 cum
534 1367 548 1395 ⁸
563 1353 605 1422 iis
625 1353 804 1425 mittendo.

254 1471 451 1557 Inscriptio.
470 1471 537 1538 Per
550 1471 652 1539 Mtro.
672 1471 837 1540 Adriano.

749 1653 843 1734 41⁰2

508 1783 646 1851 PATRI
670 1783 884 1852 NlCOLAO
909 1783 1096 1872 LANOJO
1385 1828 1404 1877 t

579 1919 669 1964 noun
689 1906 723 1962 23
741 1921 888 1975 Juaurmr
911 1920 979 1977 1554
999 1911 1020 1968 ¹.

193 2042 232 2098 Dc
241 2042 474 2098 adolnccntibus
483 2042 521 2098 ab
529 2043 666 2114 episcopo
675 2041 827 2098 Iohanni
837 2043 968 2098 Romam
978 2043 1021 2098 od
1029 2042 1191 2117 collegium
1199 2041 1413 2115 germanicum

239 2127 521 2192 mistim-Litterae
538 2135 567 2188 et
589 2129 834 2186 «Diremoriumo
852 2131 983 2188 Polanci
1000 2132 1264 2189 minantum-De
1282 2131 1414 2204 quodam

238 2221 375 2276 Huberto
385 2221 555 2297 geldrensi.

253 2358 325 2422 Pax
342 2355 484 2423 Christi.

250 2473 373 2559 Doppo
389 2470 410 2538 l'
428 2472 545 2540 ultime
557 2475 622 2542 che
637 2473 695 2539 noi
710 2470 931 2542 scriuessimo
947 2472 973 2554 '‚
992 2493 1061 2540 non
1078 2471 1263 2539 habbiamo
1279 2470 1414 2539 riceuu-

187 2598 220 2653 to
234 2588 355 2657 lettere
371 2589 496 2657 alcune
511 2589 555 2657 de
571 2589 616 2660 V.
633 2589 690 2670 R„
710 2609 748 2655 se
763 2609 833 2656 non
851 2609 921 2654 una
936 2587 992 2656 del
1008 2587 1118 2657 Padre
1134 2589 1249 2654 dottor
1273 2586 1414 2656 Canisio

187 2713 219 2771 et
234 2705 289 2770 un’
307 2705 394 2772 altra
405 2703 462 2773 del
479 2705 578 2774 Rmo.
597 2705 780 2772 labacense
796 2705 807 2736 ³
825 2725 926 2790 sopra
941 2703 964 2769 li
978 2702 1119 2790 gloueni
1132 2702 1219 2771 suoi.
1235 2705 1305 2771 Pur
1318 2724 1414 2770 man·

183 2820 226 2886 do
242 2820 273 2886 la
289 2819 388 2906 copia
403 2821 436 2886 d'
456 2821 579 2889 alcune
595 2819 683 2888 delle
696 2830 812 2888 nostre
826 2818 958 2899 ultime,
973 2833 1008 2888 et
1020 2822 1171 2886 anchora
1183 2819 1207 2886 il
1219 2818 1414 2887 Directorio

184 2935 246 3001 che
264 2933 291 3001 si
308 2938 328 3002 ὁ
344 2937 445 3017 fatto,
459 2945 494 3002 et
510 2957 571 3022 per
588 2945 733 3003 mostrar
750 2937 782 3003 al
798 2937 839 3002 Ρ.
858 2935 1032 3004 Gaudano
1048 2935 1121 3002 ‘un
1134 2933 1284 3022 capitolo
1297 2931 1330 3002 d'
1345 2956 1414 3001 una

183 3051 303 3120 lettera
319 3051 375 3118 del
392 3053 432 3118 P.
452 3055 554 3120 Mtro.
576 3048 750 3120 Bernardo
771 3049 939 3132 Oliuerio,
964 3051 1124 3118 mandato
1140 3050 1176 3117 in
1192 3051 1354 3132 Fiandra,
1379 3061 1414 3120 et

184 3187 252 3234 una
267 3168 352 3234 altra
368 3168 529 3234 mandata
545 3167 580 3233 in
603 3169 757 3254 Spagna‚
781 3169 870 3234 douc
892 3169 936 3236 V.
960 3169 1002 3234 R.
1026 3169 1153 3236 uedera
1174 3166 1207 3234 la
1228 3179 1326 3254 porta
1348 3169 1414 3235 che

182 3279 248 3348 Dio
265 3283 308 3350 N.
327 3283 364 3352 S.
384 3304 466 3370 apre
482 3283 562 3351 nell'
582 3281 702 3351 Africa
718 3303 779 3370 per
795 3284 827 3350 la
845 3283 1126 3370 promurgatione
1141 3284 1197 3348 del
1214 3281 1411 3370 euangelio.

249 3398 326 3466 Non
343 3399 441 3479 altro,
464 3420 591 3467 senon
613 3401 677 3466 che
699 3397 788 3466 circa
812 3397 835 3464 li
860 3397 1001 3484 gioueni
1026 3398 1278 3466 raccomandati
1305 3420 1366 3484 per
1389 3398 1414 3463 il

184 3517 280 3582 Rmo.
304 3515 486 3583 lahacense
505 3514 534 3582 si
556 3517 627 3582 fara
647 3513 729 3602 ogni
751 3513 858 3581 offitio
881 3534 979 3581 corne
998 3526 1013 3554 ⁸
1035 3512 1216 3594 conuiene,
1236 3525 1271 3580 et
1287 3513 1413 3600 perche

181 3651 267 3698 sono
284 3630 392 3718 hoggi
408 3629 582 3716 conparsi,·
602 3641 637 3697 et
653 3651 721 3697 non
739 3629 922 3697 habbiamo
938 3649 1064 3696 ancora
1086 3629 1216 3696 intesso
1239 3631 1271 3694 la
1295 3640 1409 3696 mente

180 3748 265 3826 loro,
284 3768 354 3814 non
369 3747 532 3814 accadera
548 3743 692 3832 replicat
708 3747 805 3812 altro.
826 3745 953 3832 Uoglio
969 3747 1058 3813 hene
1076 3745 1189 3811 auisar
1208 3746 1251 3811 V.
1271 3747 1328 3823 R.,
1345 3746 1410 3810 che

233 3922 248 3950 ¹
285 3924 340 3962 con
356 3925 411 3964 m5.

237 4067 250 4094 ἓ
287 4067 372 4105 00an
389 4067 447 4104 md.

186 4143 383 4158 —fl-——nn—

236 4195 244 4226 ’
284 4195 328 4250 Ex
338 4193 441 4250 codice
455 4195 572 4268 Regast.
588 4195 631 4259 II,
646 4193 695 4250 fol.
710 4191 755 4251 38.
912 4193 923 4226 ³
961 4191 1037 4246 Vide
1051 4191 1205 4263 epistolam
1219 4187 1301 4259 4032.

235 4286 247 4316 ³
284 4285 423 4341 Urbanus
436 4285 558 4356 Tertor,
570 4283 620 4356 qui
635 4284 756 4338 Romam
771 4282 807 4337 ad
820 4282 979 4352 collegium
997 4281 1198 4351 germanicum
1215 4280 1343 4351 juvenes
1363 4279 1415 4334 mi-

177 4383 271 4443 serat,
285 4374 541 4428 Bartholomaeum
555 4371 764 4428 Philirmlauier
774 4380 804 4426 et
815 4373 962 4442 Joannem
972 4371 1116 4440 Kobenzl,
1129 4376 1160 4448 ut
1171 4369 1291 4442 optimis
1302 4369 1344 4424 ibi
1355 4386 1413 4424 mo-

177 4465 263 4520 ribus
276 4470 309 4518 et
319 4462 483 4534 disciplinis
495 4463 707 4520 imbuerentur:
723 4460 830 4516 deinde
841 4469 966 4532 nepotes
975 4459 1062 4530 duos,
1073 4461 1203 4514 Marcum
1212 4460 1373 4515 Textorem
1384 4467 1415 4514 et

176 4552 343 4624 Georgium
354 4553 495 4624 Bogatez,
506 4568 579 4624 quos
590 4567 693 4606 omnes
704 4549 817 4621 Ignatio
829 4550 956 4604 maxime
965 4549 1194 4607 commendavit.
1206 4549 1414 4618 Scuuouuuu,

177 4643 412 4698 monumenta...
428 4641 551 4714 collegii
560 4640 746 4714 germanici,
762 4657 829 4712 pag.
848 4638 909 4709 143,
926 4652 987 4708 172.

235 4737 247 4766 ⁴
285 4729 610 4788 NicolausGaudanus.
