3567 5409
508 462 612 516 Earsr.
631 460 786 529 4¹⁶7·-17
804 460 980 517 Fusnunnn
996 472 1063 529 1554
1313 458 1365 529 ³²7

172 615 206 681 la
225 614 437 683 d'ucrittione
456 613 608 695 dictari,
631 616 727 700 potra
751 615 846 681 vsar'
870 612 906 679 di
927 612 1030 698 quelli
1053 626 1087 681 et
1109 613 1193 693 larle
1214 614 1400 683 obseruare

171 752 293 797 manco
306 742 341 797 et
356 728 415 817 piu
429 741 668 800 strettarnente
683 729 834 797 secondo
849 730 871 795 li
889 732 1019 815 parerai.
1036 730 1073 795 ln
1089 729 1199 815 spetie
1215 729 1239 795 il
1252 713 1399 798 trouarsi

171 847 238 914 alle
253 865 295 929 24
310 848 418 915 hore'
439 846 475 913 in
496 867 576 915 casa
591 846 689 933 potrai
709 846 879 915 stendersi
895 847 1035 931 quando
1056 844 1233 912 accadessi
1249 844 1362 913 insino
1378 869 1399 913 a

171 984 303 1029 mezora
322 961 437 1049 dopoi,
462 984 485 1027 o
508 984 590 1030 uero
610 960 713 1029 insin'
732 962 799 1031 alla
818 972 915 1029 notte
937 960 995 1047 git
1018 962 1177 1042 obscura
1202 971 1237 1029 et
1258 963 1398 1047 quando

170 1077 341 1147 accadossi
356 1080 504 1164 qualche
521 1078 703 1158 necessita,
722 1078 757 1145 in
773 1088 896 1163 questa
912 1076 998 1153 etin
1015 1078 1101 1144 altre
1123 1078 1241 1163 regole
1256 1081 1327 1163 ριιὸ
1343 1077 1397 1145 di-

172 1198 321 1279 spensar’
339 1194 362 1259 il
379 1204 518 1264 rettore.

238 1311 261 1376 ll
277 1331 345 1377 non
361 1310 509 1379 toccarsi
525 1312 554 1377 si
570 1310 708 1379 obserui
724 1310 940 1379 secondochi
959 1310 980 1375 il
998 1310 1066 1376 fine
1083 1308 1118 1375 di
1135 1309 1182 1375 tal
1203 1309 1324 1395 regola
1347 1311 1395 1376 ri·

170 1446 278 1506 cerea,
294 1426 319 1492 il
333 1427 437 1511 quale
447 1427 466 1495 ὲ
478 1426 573 1495 leuar
586 1426 670 1513 ogni
683 1425 863 1495 occasione
874 1427 918 1494 de
932 1423 1111 1493 tentationi
1124 1423 1168 1491 de
1180 1424 1391 1507 dishonesti;

172 1564 225 1611 ma
239 1552 351 1610 toccar
366 1542 399 1609 la
416 1564 517 1610 mano
531 1564 552 1609 a
567 1540 672 1628 quelli
687 1542 755 1609 che
770 1562 831 1628 per
841 1540 988 1608 cortesia
1003 1540 1035 1605 la
1053 1550 1195 1606 toccano
1208 1541 1273 1608 alla
1290 1540 1393 1609 tude-

171 1679 238 1737 sca,
254 1680 276 1724 o
290 1680 371 1725 cosa
385 1657 508 1737 simile,
527 1680 596 1723 non
611 1658 757 1727 sarebbe
770 1654 952 1743 prohibito.
972 1657 997 1722 ll
1011 1677 1080 1721 non
1098 1656 1210 1740 parlar
1223 1654 1258 1721 in
1276 1658 1393 1723 tauola

173 1774 279 1839 nonsi
296 1797 356 1841 vsa
372 1774 419 1840 tal
434 1774 551 1860 regola
571 1774 607 1839 di
623 1795 703 1858 qua,
722 1772 881 1841 massime
902 1773 1048 1839 essendo
1073 1770 1253 1851 forastieri,
1272 1793 1293 1839 o
1310 1794 1394 1839 uero

174 1892 375 1957 occorrendo
391 1911 470 1957 cosa
486 1891 610 1957 alcuna
627 1888 828 1959 necessaria.
848 1890 871 1955 ll
896 1889 957 1954 sar’
977 1885 1132 1953 oratione
1148 1887 1265 1955 auanti
1282 1889 1325 1955 de
1343 1888 1393 1954 di-

174 2006 317 2071 maodar'
335 2006 358 2072 il
375 2006 534 2091 bisogno,
558 2003 717 2073 massime
741 2005 938 2090 temporale,
963 2004 1030 2088 puri
1051 2022 1120 2067 non
1141 2003 1329 2071 osseruarsi
1355 2005 1389 2071 in

174 2142 247 2187 cose
262 2121 412 2201 minime,
429 2133 498 2189 etc.

234 2238 270 2303 L’
293 2236 400 2302 offitio
425 2237 481 2305 del
504 2249 631 2303 rettore
658 2249 693 2303 et
721 2238 927 2315 collaterale,
958 2258 1017 2322 per
1046 2238 1290 2305 inaduertenza
1322 2258 1389 2303 non

174 2354 336 2431 mandato,
354 2354 382 2419 si
399 2352 523 2418 manda
539 2354 662 2419 adesso
683 2355 709 2420 ⁵.
728 2352 823 2439 Ogni
845 2374 914 2417 vno
930 2354 1034 2439 lagga
1055 2354 1076 2419 il
1093 2375 1157 2421 suo
1179 2352 1266 2419 assai
1284 2354 1388 2432 volte,

172 2490 228 2553 per
242 2468 419 2536 ricordarsi
435 2469 469 2535 di
486 2468 600 2553 quello
616 2470 705 2537 deue
723 2470 805 2547 lare;
823 2480 858 2534 et
870 2468 1012 2536 aduerte
1030 2470 1074 2537 V.
1096 2471 1149 2547 R,
1173 2467 1227 2535 clr'
1244 2490 1389 2535 ancora·

172 2585 231 2651 chi
251 2586 272 2650 il
293 2586 503 2653 collatterale
524 2606 591 2649 non
614 2584 664 2649 sia
689 2595 780 2649 sotto
804 2584 826 2647 l'
849 2582 1037 2651 obedienza
1058 2584 1113 2650 del
1137 2596 1274 2663 fertore,
1300 2584 1388 2649 dene

170 2703 240 2785 pur'
256 2702 325 2767 dar'
343 2701 411 2787 agli
432 2699 508 2767 altri
530 2702 622 2765 buon
643 2700 813 2785 essempio
833 2700 865 2765 d'
882 2698 1077 2767 obedientia
1099 2712 1133 2767 et
1156 2698 1340 2767 riuerentia
1357 2701 1388 2765 al

171 2829 301 2886 retrore.
322 2819 363 2884 Et
379 2838 448 2883 non
462 2821 530 2902 pub
542 2818 738 2883 comandar’
753 2815 809 2882 alli
827 2816 962 2896 fratelli,
977 2816 1020 2883 ne
1034 2821 1121 2883 vsar'
1137 2817 1225 2883 delle
1238 2836 1318 2882 cose
1331 2816 1385 2883 del

170 2934 307 3019 collegio
322 2936 366 3001 ad
381 2932 527 3011 libitum,
546 2931 671 3019 perche
688 2933 888 2999 finalmente
902 2934 923 2998 e
939 2933 1060 3017 equale
1076 2932 1132 2999 alli
1153 2932 1243 3011 altri,
1261 2932 1296 2997 in
1316 2932 1387 2999 lora

169 3047 200 3113 di
218 3050 328 3133 quello
349 3049 376 3115 si
401 3049 562 3115 contione
584 3049 638 3115 nel
659 3068 723 3113 suo
743 3047 863 3127 offitio,
886 3058 921 3113 ot
942 3044 975 3116 d'
996 3069 1111 3115 essere
1133 3046 1330 3115 immediato
1355 3047 1386 3114 al

171 3165 377 3249 prouintiale.

229 3284 463 3367 Quantunque
480 3282 511 3346 la
527 3280 644 3348 chiesa
662 3280 703 3346 de
720 3292 819 3345 santo
837 3280 989 3346 Antonio
1012 3300 1078 3345 non
1096 3278 1145 3343 sia
1161 3280 1193 3343 al
1213 3279 1387 3363 proposito

169 3407 256 3461 tanto
270 3408 399 3481 quanto
411 3396 439 3461 si
456 3397 624 3475 desidera,
641 3396 676 3461 in
695 3407 790 3461 tanto
805 3396 911 3461 chesi
931 3408 1026 3461 troua
1045 3394 1190 3475 meglior
1204 3394 1342 3481 partim,
1357 3394 1386 3461 si

168 3515 257 3595 potrai
273 3514 412 3577 acettar’
428 3522 552 3597 questo
569 3512 593 3576 ⁸.
739 3496 746 3509 ’

226 3628 326 3693 Circa
341 3627 364 3693 il
381 3627 487 3693 ridur'
506 3629 539 3695 le
560 3648 703 3711 persone
724 3649 743 3691 a
766 3648 886 3695 manco
912 3626 1117 3709 frequentar’
1138 3624 1158 3689 li
1181 3624 1385 3691 sacramenti

165 3731 216 3807 cll’
231 3729 313 3827 ogni
329 3744 465 3829 giorno,
486 3745 528 3809 V.
549 3746 590 3811 R.
605 3742 744 3808 'obserui
761 3744 829 3809 due
850 3762 944 3823 cose,
970 3752 1004 3807 et
1026 3742 1057 3809 le
1080 3740 1185 3807 faccia
1202 3740 1387 3808 obseruare

164 3860 193 3924 al
209 3860 246 3926 P.
260 3863 372 3947 Jouan
391 3836 556 3927 Lorenzo.
578 3861 624 3926 La
641 3863 750 3944 prima
766 3861 798 3933 e,
818 3860 883 3924 che
901 3880 959 3942 per
976 3856 998 3923 l'
1014 3856 1178 3924 aduenire
1199 3876 1267 3921 non
1285 3878 1386 3923 muo-

164 3996 250 4042 uano
265 3998 286 4042 a
302 3975 436 4063 magior
453 3977 645 4061 frequentia
660 3978 725 4043 che
741 3973 775 4041 d'
791 3973 873 4060 ogni
897 3977 916 4037 8
934 3974 1059 4059 giomi,
1083 3994 1120 4039 se
1137 3995 1205 4039 non
1223 3973 1304 4039 fossi
1321 3994 1387 4038 con

164 4092 192 4158 le
206 4092 396 4159 limitationi
411 4096 478 4161 che
500 4094 523 4157 l’
540 4094 626 4159 altra
643 4094 736 4160 uolta
755 4093 877 4158 lurono
898 4091 1027 4159 scritte.
1049 4092 1097 4157 La
1121 4091 1271 4157 seconda
1287 4092 1306 4154 ἐ
1323 4090 1388 4157 che

163 4208 343 4293 lepersone
354 4210 542 4277 assuefatte
554 4232 574 4275 a
587 4210 659 4293 freq
666 4213 796 4277 uentar'
811 4210 843 4273 la
855 4208 1097 4274 communione
1110 4206 1192 4293 ogni
1204 4205 1253 4283 di,
1268 4226 1290 4271 o
1304 4224 1388 4271 uero

166 4352 357 4361 ᾑ--ο-

210 4432 222 4461 ¹
259 4426 292 4480 ld
305 4434 363 4492 est,
376 4426 433 4480 sub
446 4425 518 4480 solis
528 4441 677 4479 occasum.

211 4516 222 4545 ³
257 4514 434 4586 Huiusmodi
448 4516 569 4586 regulae
582 4515 760 4573 collateralis
773 4531 844 4584 erga
861 4522 1007 4569 rectorem
1021 4510 1203 4583 rectorisque
1218 4528 1288 4581 erga
1303 4526 1387 4565 suurn

160 4607 355 4661 collateralem
368 4606 515 4661 habentur
527 4621 626 4671 supra,
641 4604 694 4670 lV,
709 4603 745 4672 96
758 4612 788 4659 et
802 4616 850 4671 27.

212 4698 222 4727 ⁴
258 4694 335 4749 Vide
348 4694 491 4767 epistolas
504 4691 575 4769 4131
589 4703 619 4748 et
634 4707 716 4762 4152.
