3567 5409
570 490 1127 564 Errsr.3966.-9Ducurreare1553
1316 503 1319 513 ·
1391 505 1427 563 27

218 647 259 715 ie
277 648 382 734 legge
397 650 462 715 che
477 646 500 713 li
517 669 695 735 pareran03
719 656 755 717 et
770 648 1040 717 mandandocele
1056 670 1136 735 qua,
1159 646 1183 715 li
1205 646 1414 715 scriueremo
1438 646 1462 713 il

227 784 331 847 parer
348 774 478 830 nostro.

297 880 377 947 Non
392 881 490 961 altro,
509 902 546 947 se
558 902 627 946 non
643 882 700 947 ch'
718 880 773 947 all’
792 880 936 947 orationi
952 879 988 947 di
1008 882 1052 947 V.
1071 882 1113 947 R.
1132 888 1167 949 et
1182 880 1226 949 de
1242 878 1324 947 tuui
1339 881 1362 945 l'
1383 878 1461 946 altri

224 992 262 1058 in
282 994 421 1061 Christo
437 994 627 1061 charissimi
645 994 768 1063 fratelli
783 996 890 1061 molto
906 994 938 1060 ei
954 993 1263 1065 raecomandiamo.

296 1110 334 1175 In
351 1130 431 1177 casa
446 1110 568 1178 stiamo
584 1111 671 1191 sani,
690 1132 744 1178 ma
760 1110 817 1177 nel
833 1110 982 1197 collegio
997 1132 1083 1179 sono
1098 1109 1192 1177 statti
1209 1110 1305 1181 motti
1321 1107 1460 1178 amalati

225 1236 263 1291 et
279 1226 403 1295 adesso
418 1228 450 1292 c’
467 1226 486 1294 ὲ
502 1206 685 1313 qualcuno.
704 1225 736 1291 A
753 1225 833 1294 tutti
849 1226 900 1293 sia
911 1228 995 1315 Jesti
1011 1226 1077 1295 X.⁰
1095 1248 1177 1295 uera
1192 1237 1227 1292 et
1244 1227 1459 1317 perfettasa·

223 1342 300 1407 nita
316 1356 350 1408 et
368 1341 454 1412 uita.
468 1346 594 1411 Amen.

296 1459 349 1526 De
367 1459 475 1523 Roma
492 1480 514 1545 9
529 1456 564 1525 di
580 1458 771 1527 Decembre
792 1474 888 1542 1553.

295 1574 386 1639 Nell'
412 1572 498 1639 altra
525 1574 657 1653 lettera,
688 1573 885 1641 mostrabile
912 1575 944 1641 al
971 1575 1142 1653 catalano,
1167 1573 1196 1639 si
1219 1571 1334 1641 scriue
1357 1574 1410 1639 ch’
1435 1572 1459 1639 il

225 1692 266 1755 P.
289 1691 394 1758 Mtro.
410 1690 586 1756 Giouanni
602 1690 693 1755 stara
710 1712 730 1755 a
746 1689 941 1757 obedientia
956 1690 1046 1760 della
1063 1692 1105 1758 R.
1123 1690 1167 1757 V.
1191 1688 1457 1757 Nientedimeno

223 1804 294 1871 ela
309 1804 500 1871 intentione
517 1808 560 1870 de
581 1806 625 1871 N.
648 1806 682 1870 Ρ.
701 1806 768 1873 che
788 1804 866 1884 stia,
884 1826 984 1873 como
998 1804 1034 1870 di
1050 1826 1118 1890 qua
1140 1806 1177 1871 fu
1199 1806 1374 1883 mandato,
1393 1824 1458 1889 per

223 1922 401 1991 coluteral.
424 1921 450 1986 ll
471 1918 656 1988 catalanod
677 1932 782 2007 tenga
799 1922 843 1988 V.
867 1922 908 1988 R.
931 1921 967 1987 in
988 1942 1068 1988 casa
1090 1920 1178 1988 etei
1199 1920 1286 1987 auisi
1307 1940 1407 1986 como
1428 1918 1456 1985 si

225 2049 334 2123 birta3
354 2039 491 2124 perche,
510 2038 538 2103 si
556 2038 657 2103 uuole
674 2048 744 2103 star
760 2039 849 2105 nella
865 2038 1092 2123 Compagnia‚
1110 2036 1135 2103 ti
1150 2037 1320 2106 conuiene
1337 2035 1456 2103 obedi·

225 2174 264 2219 re
280 2154 324 2219 de
340 2155 435 2219 buon
452 2175 549 2223 seno,
1062 2132 1066 2137 ’

234 2280 239 2287 ’
295 2271 319 2335 ΙΙ
337 2272 448 2337 Padre
464 2271 532 2337 don
548 2270 693 2336 Battista
709 2269 820 2351 Uiola,
839 2270 1031 2348 coronario,
1050 2283 1102 2337 sta
1119 2266 1206 2335 assai
1223 2268 1325 2339 male.
1344 2270 1388 2335 V.
1411 2270 1451 2335 R.

224 2387 259 2452 lo
280 2386 387 2453 faceia
404 2386 618 2452 ricomandar
633 2409 653 2453 a
671 2385 778 2452 Iddio.

293 2503 490 2587 Inscriptio.
511 2508 543 2569 A
561 2502 720 2587 Perogia‚
739 2524 759 2567 a
776 2504 877 2568 Mtro.
897 2502 1086 2567 Euerardo.

296 2814 436 2879 PATRI
455 2814 630 2901 JOANNI
654 2690 918 2882 ΒΑΡΤΙΒΒᾏΫΕ
943 2813 1119 2881 VlOLAE
1144 2813 1205 2879 EX
1229 2812 1381 2879 COMM.

617 2918 703 2984 noua
724 2944 742 2998 9
761 2940 940 2985 oeceuanrs
963 2924 1031 2997 1553
1046 2930 1064 2982 ¹.

222 3060 301 3117 Cum
316 3063 417 3117 morbo
434 3062 518 3118 Viota
532 3068 682 3128 terreatur,
698 3063 730 3117 iu
741 3064 885 3135 pejusque
895 3063 1030 3134 quotidie
1041 3063 1141 3130 abeat,
1147 3062 1276 3133 jubetur
1284 3062 1455 3117 commissa·

257 3152 302 3205 rii
313 3152 523 3224 functionibus
539 3155 743 3223 supersedere,
757 3154 850 3208 donec
862 3172 898 3208 ex
911 3152 1013 3207 morbo
1030 3153 1217 3208 convalescat
1229 3151 1405 3222 litterasque
1418 3144 1455 3205 de

254 3242 439 3311 exsequendo
451 3240 548 3313 officio
560 3260 596 3297 ex
616 3242 693 3297 Urbe
707 3242 847 3315 accipiat.

290 3380 364 3443 Pax
382 3376 522 3443 Christi.
628 3434 632 3449 ,

288 3490 499 3559 Charissimo
518 3492 633 3591 Padre¹
645 3492 678 3559 in
692 3496 775 3581 Jesir
793 3492 858 3561 X.⁰

288 3608 418 3674 Perche
442 3606 537 3674 Iddio
561 3594 688 3675 riceica
712 3611 755 3675 da
780 3610 835 3675 noi
859 3610 1062 3694 obsequium
1087 3607 1301 3689 rationabile,
1326 3630 1409 3693 pare
1433 3630 1453 3673 a

217 3726 262 3791 N.
285 3726 324 3790 P.
344 3726 409 3791 che
424 3722 458 3789 in
481 3734 575 3790 tanto
591 3727 655 3789 che
671 3726 703 3791 la
724 3726 764 3797 R.
785 3726 827 3791 V.
852 3726 879 3791 si
897 3734 996 3791 troua
1016 3724 1218 3810 indisposto,
1237 3744 1307 3789 non
1328 3721 1452 3789 debbia

216 3839 402 3919 asaticarsi‚
421 3838 463 3905 ne
480 3842 589 3905 anche
606 3839 715 3905 hauer
735 3840 973 3907 sollecitudine
988 3840 1067 3906 delli
1088 3839 1224 3925 collegii
1241 3840 1329 3905 della
1345 3840 1451 3905 Com-

216 3954 356 4041 pagnia3
375 3965 409 4022 et
425 3954 497 4022 cosi
514 3956 536 4019 li
555 3956 587 4021 fa
602 3954 782 4023 intendere
798 3959 863 4022 che
878 3957 911 4023 la
932 3978 994 4023 sua
1011 3958 1153 4023 uolunta
1175 3956 1276 4023 eche
1293 3956 1325 4020 la
1341 3956 1382 4021 R.
1403 3954 1447 4021 V.

216 4071 414 4137 intermetta
425 4072 458 4137 la
470 4070 685 4139 essecutione
697 4073 775 4138 dell’
791 4072 897 4137 offitio
914 4094 977 4138 suo
990 4095 1050 4157 per
1070 4071 1158 4137 insin
1175 4094 1195 4138 a
1219 4082 1315 4137 tanto
1339 4073 1404 4136 che
1420 4070 1448 4136 si

216 4188 307 4252 troui
324 4208 421 4265 sano,
439 4197 486 4265 et,
505 4187 670 4253 auisando
687 4210 706 4254 a
724 4190 842 4267 Roma,
861 4189 977 4255 riceua
994 4188 1139 4273 risposta
1152 4198 1186 4255 et
1203 4209 1294 4253 noua
1308 4187 1448 4253 commi·

215 4301 313 4369 sione
328 4302 362 4367 d’
381 4324 479 4368 usare
496 4303 518 4367 l'
535 4302 642 4371 offitio
659 4326 723 4381 suo
738 4304 782 4369 de
798 4304 1008 4385 comissari03
1024 4306 1053 4371 si
1069 4303 1136 4372 che
1152 4302 1174 4369 l’
1190 4302 1338 4372 autorita
1351 4306 1448 4388 potra

215 4416 376 4504 riposarsi
393 4440 453 4504 per
469 4418 582 4485 alcuni
600 4421 634 4484 di
647 4442 750 4486 sanza
765 4420 875 4486 uscire
889 4420 923 4485 in
936 4432 1008 4486 atto
1020 4443 1041 4487 o
1053 4420 1228 4487 essercitio
1241 4422 1275 4487 d'
1294 4441 1382 4485 essa.
1403 4419 1447 4485 Al

270 4582 284 4621 d
322 4582 480 4652 catalagno
491 4598 547 4639 ms.
669 4602 674 4613 ·

217 4678 412 4687 ——--——-—

269 4726 277 4756 ¹
310 4724 361 4793 ,Ex
375 4724 478 4780 codice
492 4726 610 4799 Regest.
628 4728 671 4794 II,
684 4726 734 4783 fol.
752 4740 794 4781 10.
813 4784 816 4791 ,
852 4772 855 4781 .
