3567 5409
548 494 651 551 Enisa.
670 496 825 565 4265.-14
844 495 959 549 Mfflss
981 506 1048 564 1554

344 772 483 839 PATRI
502 772 677 860 JOANNl
702 649 995 841 PE41.²?E5TARIO
1020 773 1083 839 EX
1106 772 1258 839 COMM.

603 899 692 942 nour
713 898 746 956 ¹4
765 899 874 942 ιιιιτιι
896 900 963 957 1554
987 892 1006 943 ¹.

184 1032 355 1095 Adrianus,
372 1032 399 1084 si
416 1028 538 1108 quidem
554 1031 664 1085 medici
680 1031 727 1085 iia
738 1030 891 1100 judicent,
908 1031 941 1085 in
955 1031 1096 1103 patriam
1113 1029 1270 1096 remeabit;
1286 1044 1368 1084 secus
1386 1028 1419 1081 in

246 1118 362 1175 Vallem
386 1117 537 1175 Ysllinam
558 1136 589 1175 ss
608 1119 749 1189 conferre
767 1119 1050 1191 poterit-Puncta
1072 1120 1113 1174 ad
1131 1116 1349 1174 eucharistiam
1369 1117 1420 1189 pis

236 1208 562 1281 suscipiendam-De
581 1208 677 1265 Patre
697 1207 1002 1269 commissario-Ns
1027 1209 1111 1263 ultra
1133 1209 1214 1263 vires
1237 1206 1421 1263 Pelletarius

237 1298 429 1353 concionibus
439 1297 584 1353 habendis
596 1298 761 1356 incumbat.
782 1331 788 1337 ·
801 1299 846 1354 De
858 1298 945 1353 italis
957 1298 1127 1369 magistris.
1136 1296 1213 1355 -Ds
1225 1294 1422 1367 coquo-Li·

238 1387 286 1441 bri
299 1386 659 1446 militantum-Albanas
671 1388 713 1442 ad
724 1404 793 1441 suos
805 1386 927 1446 scribat.
935 1387 1089 1442 -Marias
1102 1386 1151 1442 del
1164 1386 1255 1442 Gesso
1264 1387 1425 1458 responde·

239 1477 460 1531 ian-Domus
472 1492 603 1530 romana
616 1476 923 1549 amplificatum-De
940 1477 1069 1550 collegio
1084 1477 1263 1549 germanico
1281 1476 1315 1531 in
1333 1475 1421 1533 Urba.

260 1612 334 1677 Pax
356 1588 414 1677 xli

257 1724 491 1794 Rioeuessimo
515 1726 627 1811 quelle
651 1725 694 1792 de
719 1746 738 1810 3
763 1727 819 1794 del
840 1736 1000 1813 presente
1020 1726 1065 1795 de
1086 1726 1129 1793 V.
1155 1727 1197 1792 R.
1225 1726 1268 1790 Et
1291 1724 1382 1791 eirca
1402 1723 1425 1789 il

191 1845 232 1909 P.
251 1845 353 1911 Mtro.
374 1840 527 1909 Adriano
540 1843 567 1923 ¹,
581 1843 729 1911 essendo
740 1842 764 1908 il
778 1842 912 1909 medico
924 1841 959 1909 di
972 1853 1093 1927 questo
1106 1863 1239 1928 parere,
1258 1842 1325 1908 che
1338 1840 1426 1906 uada

189 1959 223 2025 al
240 1978 355 2045 paese,
373 1968 408 2026 et
425 1961 537 2027 anche
553 1958 599 2027 V.
618 1959 675 2038 R.,
693 1976 792 2025 come
808 1980 902 2045 pare,
922 1959 968 2027 N.
988 1960 1027 2025 P.
1047 1956 1076 2024 si
1093 1956 1219 2025 risolue
1239 1958 1304 2023 che
1325 1957 1426 2035 uada,

190 2084 416 2158 quantunque
429 2072 615 2139 habbiamo
629 2075 761 2160 grande
773 2074 923 2161 bisogno
934 2074 978 2142 de
990 2071 1158 2160 suppositi
1172 2070 1273 2139 simili
1290 2070 1322 2138 in
1341 2092 1426 2157 que-

191 2199 245 2258 ste
262 2189 387 2256 bande.
408 2188 454 2257 Se
471 2187 495 2253 il
512 2186 647 2255 medico
662 2187 857 2275 giudicasse
880 2191 949 2257 che
973 2188 1062 2257 nella
1083 2186 1267 2267 valtelina,
1290 2187 1427 2273 qualee

193 2304 275 2374 nelli
295 2302 424 2371 confini
446 2304 491 2373 de
511 2304 670 2386 Grisoni,
694 2326 797 2391 paese
817 2306 905 2372 assai
928 2306 1056 2385 iresco,
1080 2304 1190 2391 putria
1214 2315 1286 2371 star
1307 2314 1428 2387 questa

194 2421 304 2500 stade,
318 2419 406 2488 assai
423 2419 570 2487 comodo
585 2440 627 2489 ce
641 2421 799 2504 sarebbe,
818 2422 945 2507 perche
961 2418 1146 2507 bisognera
1168 2440 1233 2485 con
1258 2428 1347 2485 tutta
1369 2439 1429 2484 no·

193 2530 264 2601 s'tra
280 2534 425 2621 pouerti
441 2536 486 2603 de
502 2535 668 2622 soppositi
685 2537 873 2603 mandarne
890 2556 938 2603 un
955 2536 1104 2623 collegio
1119 2536 1154 2601 in
1171 2535 1285 2621 quelle
1301 2534 1418 2601 bande

195 2652 286 2719 doue
301 2650 324 2715 il
340 2651 456 2717 buono
472 2652 644 2737 essempio
657 2652 714 2719 del
731 2653 771 2719 Ρ.
791 2654 893 2719 Mtro.
919 2652 1061 2720 Andrea
1082 2652 1299 2731 Galuanello,
1322 2648 1429 2719 ferra-

195 2785 284 2845 rese,
303 2767 349 2831 ha
364 2765 446 2831 dato
463 2768 594 2853 grande
606 2765 834 2847 edificatione;
853 2780 889 2835 et
902 2788 966 2853 pur
982 2767 1126 2836 sarebbe
1142 2766 1249 2833 molto
1260 2766 1293 2831 al
1308 2786 1429 2851 propo·

196 2881 264 2948 sito
286 2884 345 2948 un'
367 2881 454 2947 altro
474 2882 664 2962 sacerdote,
687 2882 788 2968 quale
809 2893 946 2970 potesse
965 2881 1067 2950 etiam
1089 2880 1245 2968 disputar
1264 2893 1384 2948 contra
1408 2876 1431 2947 li

197 2995 353 3076 heretici,
372 2997 416 3064 de
433 2996 525 3082 quali
547 3000 578 3062 c'
601 2998 620 3063 ὲ
643 3019 690 3065 un
711 3018 854 3065 numero
875 2998 973 3085 quasi
994 2996 1241 3066 innumerabile
1262 2997 1297 3062 in
1319 2998 1431 3082 quelle

199 3112 324 3181 bande.
343 3114 389 3182 Se
405 3135 469 3199 pur
484 3112 508 3177 li
524 3114 544 3179 ὲ
561 3111 688 3199 meglio
704 3115 810 3181 andar
827 3126 944 3200 presto
960 3114 992 3181 al
1007 3134 1123 3201 paese,
1147 3115 1191 3180 V.
1214 3114 1256 3180 R.
1279 3113 1302 3179 li
1324 3111 1431 3180 faccia

199 3238 270 3293 star
285 3226 320 3293 in
337 3226 458 3294 ordine
473 3249 534 3315 per
550 3239 641 3295 tutto
656 3227 679 3293 il
697 3250 790 3296 mese
806 3230 849 3297 de
866 3229 999 3315 Aprile;
1018 3241 1053 3297 et
1070 3229 1160 3295 iorsa
1176 3226 1285 3314 prima
1301 3230 1366 3296 che
1382 3228 1432 3294 sia

199 3344 345 3423 ilmem,
365 3364 548 3429 passarario
564 3365 624 3431 per
641 3342 676 3409 di
692 3345 725 3411 la
742 3345 858 3412 alcuni
873 3347 906 3412 la
923 3345 979 3412 uia
995 3344 1039 3413 de
1051 3346 1077 3411 F
1079 3344 1211 3424 landra,
1226 3364 1292 3411 con
1305 3343 1328 3409 li
1341 3342 1431 3429 quali

200 3457 230 3525 si
245 3461 521 3544 accompagnem
535 3458 632 3529 detto
648 3460 772 3541 Padre,
791 3462 927 3527 auendo
943 3463 986 3527 ad
1003 3460 1141 3529 andare.

269 3573 339 3659 Qui
356 3574 482 3640 mando
498 3574 583 3641 certi
599 3574 695 3662 ponti
713 3597 733 3642 a
748 3578 845 3643 detto
867 3577 909 3645 P.
934 3580 1035 3645 Mtro.
1062 3574 1215 3644 Adriano
1231 3596 1290 3660 per
1310 3596 1432 3662 prepa-

204 3688 290 3756 rarsi
305 3710 326 3754 a
341 3690 374 3755 la
389 3689 644 3771 communione,
663 3711 763 3759 come
779 3690 801 3757 li
819 3694 864 3757 ho
881 3710 1071 3778 promesso.
1092 3692 1135 3759 V.
1159 3692 1200 3757 R.
1224 3690 1273 3777 gli
1290 3691 1322 3759 le
1338 3690 1431 3759 dara.

271 3802 373 3872 Circa
384 3802 407 3870 il
420 3803 532 3872 Padre
544 3806 780 3872 commissario
793 3809 818 3886 ⁸,
833 3806 882 3873 lui
895 3829 932 3875 se
945 3809 981 3873 n'
995 3809 1123 3877 ander'a
1137 3828 1238 3875 uerso
1251 3807 1272 3871 l'
1286 3828 1365 3875 area
1376 3828 1435 3872 na-

206 3918 278 3985 tiuo
293 3939 354 4004 per
371 3940 495 4005 prouar
510 3940 547 3987 se
564 3919 591 3986 si
610 3922 748 3987 trouera
766 3923 906 4009 meglio.
931 3924 1036 3990 Forsa
1058 3926 1133 3991 sera
1156 3924 1198 3989 V.
1224 3924 1265 3989 R.
1290 3921 1347 4009 gia
1362 3921 1436 3988 aui·

207 4044 295 4102 sato.
734 4032 746 4049 '

273 4149 372 4216 Delle
388 4149 554 4235 prediche
567 4152 612 4219 de
629 4153 670 4219 V.
688 4154 730 4237 R.
750 4174 818 4219 non
834 4154 911 4222 diro
928 4156 1029 4236 altro,
1048 4177 1086 4223 se
1102 4175 1172 4220 non
1188 4157 1255 4221 che
1275 4154 1297 4220 li
1320 4174 1437 4220 racco-

207 4266 334 4331 mando
348 4265 391 4332 da
407 4277 503 4351 parte
519 4268 563 4332 de
580 4268 623 4333 N.
645 4269 684 4334 Ρ.
703 4268 726 4333 il
743 4291 811 4336 non
825 4270 1019 4381 aiiaticarse
1035 4284 1169 4358 tropp0,
1187 4281 1222 4338 et
1236 4273 1343 4337 hauer
1356 4290 1439 4336 cura

209 4383 253 4448 de
268 4402 332 4447 sua
347 4382 470 4448 sanita.

263 4630 273 4665 ¹
309 4630 354 4685 Ex
365 4629 722 4704 codicengest.II,iol.
737 4647 784 4703 70.
1013 4644 1024 4672 ⁸
1063 4638 1210 4694 Adrianus
1223 4636 1385 4695 Candidus.

265 4721 276 4753 ³
313 4720 521 4791 Joannetha.
537 4721 633 4780 Viola.

345 4817 448 4861 Ιοιιιιιι.
463 4816 676 4873 loun-Error„
691 4831 749 4865 τοι.
763 4820 808 4867 Vl.
1281 4824 1309 4868 εἰ)
