3567 5409
534 465 637 522 Emer.
656 461 978 535 4098.-23Jcsusm1
998 475 1066 534 1554
1326 461 1378 520 233

194 613 248 682 tio
264 615 343 684 della
358 614 490 682 chariti
505 636 607 682 uerso
620 616 732 700 quelle
745 615 888 698 nationi,
903 627 938 684 et
950 615 973 682 l'
988 628 1151 684 aumeuto
1162 616 1253 685 della
1265 615 1415 706 relligio-

188 751 239 798 ne
256 729 427 812 catholica3
446 742 481 800 et
496 753 558 818 per
573 731 791 798 conseruarsi
807 729 843 798 in
858 741 995 817 questo,
1012 731 1097 818 ogni
1118 734 1261 799 annosa
1277 732 1415 820 giurare

189 847 225 910 al
243 857 342 912 rcttor
358 847 414 913 del
433 844 581 933 collegio
597 847 715 934 (quale
731 845 749 914 ὲ
765 845 800 913 di
817 849 914 914 detta
931 846 1162 935 Compagnia)
1179 850 1244 916 che
1265 870 1335 916 non
1351 847 1379 916 si
1395 849 1415 916 ὲ

188 961 364 1048 aggiutata
382 963 415 1029 la
431 983 511 1030 casa
527 963 570 1030 nc
585 961 609 1028 il
626 962 775 1050 collegio
791 963 881 1030 della
896 961 1111 1050 Compagnia
1123 962 1158 1030 di
1169 966 1252 1052 Jesu
1269 985 1356 1052 poco
1372 966 1415 1031 ne

191 1077 281 1145 assai
296 1077 372 1146 delli
389 1078 469 1148 beni
487 1078 665 1165 temporali
682 1079 737 1146 del
753 1079 902 1165 collegio
917 1077 1131 1166 germanico.

370 1364 510 1431 PATRI
534 1240 973 1433 antelatusffitmut
997 1365 1059 1432 EX
1083 1365 1236 1434 COMM.

582 1491 671 1554 sorra
693 1477 727 1533 23
745 1491 893 1547 Jsuusmt
915 1493 984 1550 ¹554
1006 1485 1025 1534 ¹.

189 1605 315 1670 Polcnci
327 1603 572 1660 «Dircctorium»
584 1603 680 1659 mittit
692 1609 721 1660 ct
736 1603 847 1662 Oviectt
856 1609 1022 1662 tractatum
1034 1607 1087 1662 ode
1097 1607 1237 1678 ingressu
1248 1606 1419 1680 religionis,

452 1693 629 1750 inconsultis
640 1693 687 1749 uel
699 1695 793 1750 etiam
806 1695 913 1752 invitis
923 1695 1132 1767 parentibus».

261 1831 332 1896 Pax
348 1827 489 1897 Christi.

257 1947 333 2013 Hoc
358 1945 586 2014 Directorium
612 1945 821 2030 confessarii,
847 1947 958 2016 Patris
979 1948 1086 2016 nostri
1107 1947 1217 2028 iussu,
1240 1949 1331 2015 domi
1353 1970 1417 2015 no·

189 2071 279 2129 strae
294 2059 535 2128 concinnatum
552 2060 629 2129 fuit:
647 2072 682 2129 et
698 2061 779 2146 quia
792 2073 991 2150 suspectum
1007 2073 1061 2132 est
1074 2062 1150 2133 sine
1162 2063 1299 2130 nomine
1315 2085 1418 2150 quos·

192 2177 243 2244 uis
259 2176 365 2243 libros
386 2175 513 2261 aliquid
533 2176 710 2246 doctrinae
730 2177 947 2248 continentes
967 2178 1002 2245 in
1022 2179 1135 2249 lucem
1156 2180 1273 2259 edere,
1295 2179 1331 2246 in
1352 2181 1417 2246 hu·

188 2269 241 2358 ius
257 2291 358 2359 titulo
373 2291 619 2378 scripseramus
639 2292 787 2361 nominis
803 2290 955 2384 proprisi]
971 2295 1060 2361 loco:
1086 2292 1361 2362 «Concinnatum
1383 2293 1418 2360 in

187 2409 290 2474 domo
307 2407 491 2478 societatis
502 2411 621 2495 Jesu.»
642 2407 678 2476 ld
696 2421 809 2476 tamen
827 2429 896 2477 non
913 2409 1073 2497 probauit
1088 2411 1204 2489 Pater,
1226 2424 1262 2476 et
1282 2409 1319 2490 ii,
1342 2409 1418 2496 qui-

188 2523 256 2588 bus
271 2521 444 2591 commisit
460 2525 526 2590 hoc
543 2522 686 2592 dubium
702 2525 919 2606 soluendum,
936 2545 1062 2593 nomen
1078 2547 1206 2604 meum,
1225 2547 1281 2594 me
1297 2524 1417 2608 inscio,

187 2637 224 2706 in
238 2637 337 2706 titulo
350 2651 551 2726 posuerunt;
570 2641 662 2726 quod
679 2660 747 2727 ego
763 2640 812 2708 sic
828 2623 1044 2727 interpretor:
1064 2653 1101 2708 ut
1118 2642 1146 2709 si
1163 2640 1247 2728 quid
1262 2643 1351 2709 male
1367 2640 1418 2706 di·

187 2763 282 2822 ctum
295 2753 622 2840 deprehenderetur,
638 2754 719 2822 mihi
731 2767 911 2843 acceptum
922 2757 1053 2825 seratur
1063 2760 1114 2846 (ut
1127 2779 1189 2844 par
1204 2759 1282 2844 est);
1297 2754 1421 2843 siquid

187 2881 294 2949 recte,
308 2869 400 2938 haud
413 2869 517 2938 dubie
529 2869 645 2938 domui
658 2881 836 2958 acceptum
851 2871 1027 2940 ferendum
1041 2884 1106 2954 est,
1125 2874 1182 2940 uel
1198 2873 1314 2962 potius
1330 2874 1418 2956 Deo,

188 2985 358 3052 bonorum
376 2984 528 3053 omnium
545 2987 693 3056 auctori.
710 2987 860 3072 Quidam
877 2987 1009 3056 amicus
1024 2999 1141 3058 noster
1162 2989 1235 3058 suis
1256 2988 1422 3076 impensis

187 3097 336 3187 plurima
352 3099 528 3170 volumina
543 3098 770 3188 imprimenda
785 3101 934 3185 curauit,
952 3115 988 3174 et
1008 3103 1109 3172 nobis
1129 3105 1243 3191 aliqua
1264 3103 1418 3173 donauit.

167 3227 172 3236 '
186 3215 227 3286 Si
243 3217 408 3284 maiorem
424 3237 604 3286 numerum
622 3215 736 3286 isthuc
753 3219 846 3288 uolet
863 3219 953 3286 mitti
969 3221 1010 3288 R.
1030 3222 1090 3301 V.,
1109 3219 1290 3288 mittentur
1307 3223 1349 3289 ab
1365 3243 1420 3302 en,

186 3331 246 3399 cui
259 3352 383 3401 nomen
395 3343 449 3400 est
462 3331 666 3402 Franciscus
676 3333 720 3402 de
733 3333 927 3416 Villanoua‚
942 3345 978 3406 et
990 3337 1175 3405 duodecim
1188 3338 1244 3404 vel
1257 3337 1420 3404 tredecim

187 3447 365 3516 uolumina
380 3469 486 3518 aureo
497 3449 624 3516 ducato
635 3449 742 3530 dabit,
757 3463 794 3516 vt
807 3449 969 3520 intellexi.
986 3451 1113 3538 Aliqua
1125 3464 1249 3533 errata,
1264 3474 1353 3540 quae
1366 3464 1422 3539 ty·

188 3563 368 3651 pographo
387 3565 601 3644 exciderunt,
624 3564 659 3630 in
682 3565 750 3632 tine
769 3579 851 3634 sunt
866 3568 1041 3647 adnotata,
1059 3579 1095 3636 et
1111 3569 1288 3654 expediret
1304 3591 1421 3655 penna

190 3681 387 3760 emendare,
406 3680 499 3765 quod
514 3679 615 3748 nobis
631 3701 690 3768 per
706 3681 821 3749 ocium
840 3703 908 3750 non
924 3681 1020 3751 licuit
1035 3695 1062 3752 ⁸.
1412 3691 1417 3702 '

258 3795 358 3865 Mitto
373 3795 477 3864 etiam
493 3796 730 3883 quaestionem
745 3797 836 3865 illam
852 3799 898 3866 de
914 3798 1089 3886 religionis
1105 3799 1277 3883 ingressu,
1295 3799 1420 3868 incon·

186 3911 289 3978 sultis
304 3911 360 3979 vel
374 3909 478 3981 etiam
494 3910 612 3978 inuitis
628 3913 840 3999 parentibus,
858 3913 948 3981 serio
969 3926 1159 3997 tractatam,
1183 3927 1221 3982 vt
1246 3919 1286 3984 R.
1314 3919 1357 3985 V.
1382 3937 1422 3985 se

189 4029 279 4097 uelle
291 4025 550 4114 significauerat
562 4028 587 4094 ⁸.
603 4028 772 4114 Quamuis
785 4028 819 4096 in
833 4029 968 4097 florenti
980 4029 1046 4101 ista
1057 4032 1233 4100 academia
1244 4031 1420 4102 lovanien-

242 4204 256 4232 ι
294 4187 330 4242 ln
342 4188 498 4262 margine:
511 4189 628 4272 ¹Questo
641 4187 734 4260 primo
744 4187 873 4260 capitolo
886 4189 912 4245 ei
927 4188 1033 4247 mando
1047 4208 1064 4247 a
1077 4191 1198 4249 Colonia
1213 4202 1244 4249 et
1261 4210 1277 4247 a
1296 4193 1423 4252 Vienna.

248 4331 255 4364 ¹
293 4329 455 4387 Excodice
468 4331 587 4404 chcst.
601 4331 645 4401 ll,
658 4331 708 4388 iol.
723 4331 789 4403 37v.

244 4425 255 4454 ³
293 4419 485 4492 «Pergratum
497 4419 554 4478 tuit
567 4421 676 4478 nostris
690 4421 926 4480 Lovaniensibus
939 4433 1083 4481 tractatus
1096 4426 1146 4482 ille
1159 4424 1197 4481 de
1213 4426 1351 4497 ingressu
1367 4427 1424 4484 Re·

113 4505 116 4511 '
189 4509 321 4580 ligionis,
334 4510 423 4566 etiem
437 4527 496 4566 non
508 4511 765 4568 consentientibus
778 4513 961 4584 parentibus,
973 4515 1025 4587 qui
1039 4515 1192 4587 Neapolis
1205 4515 1239 4574 P.
1255 4516 1374 4573 Andrea
1386 4518 1425 4574 de

190 4597 309 4659 Oviedo
324 4599 479 4658 conlectus
497 4611 528 4657 et
545 4601 655 4659 Romae
674 4602 803 4672 limatus,
822 4604 859 4660 nd
878 4603 957 4676 ipsos
976 4605 1083 4661 missus
1096 4605 1226 4663 iuerat.»
1242 4608 1424 4681 Possum,
1469 4605 1474 4618 '

192 4687 315 4755 chron„
332 4689 385 4762 lv,
396 4689 458 4748 288.
472 4690 547 4746 Vide
556 4709 633 4764 quae
642 4693 685 4748 ibi
695 4693 913 4764 adnotavimus,
924 4703 966 4764 et,
980 4697 1068 4767 paulo
1081 4707 1159 4769 post,
1172 4698 1328 4770 epistolem
1341 4710 1422 4767 4117.
