3567 5409
431 473 483 541 480
805 472 1012 527 Monuuanra
1037 464 1214 526 lemnam

462 627 574 711 Sopra
591 625 614 690 il
630 624 777 711 negocio
793 626 836 692 dc
853 627 955 691 Mtro.
975 625 1116 693 Ulisse⁰
1140 626 1184 691 ho
1205 626 1290 689 fatto
1312 624 1334 688 l’
1358 623 1464 690 offitio
1487 622 1621 692 diuerso

396 742 503 823 uoltc,
522 754 556 809 et
577 739 679 807 insin’
696 742 819 809 adesso
838 762 908 807 non
930 761 969 807 so
989 741 1022 806 la
1045 738 1257 809 resoluzione
1274 738 1523 825 precisamcnte
1537 736 1564 819 ⁶,
1585 761 1621 807 se

396 859 428 924 la
443 858 543 943 sapro
558 856 677 924 auanti
693 856 717 922 il
733 878 845 925 serrat
860 855 895 921 di
913 867 1048 940 questa,
1068 855 1227 923 hauisari)
1244 856 1277 922 la
1293 857 1334 922 R.
1354 857 1397 923 V.

462 976 515 1040 De
530 972 682 1059 supplire
697 972 892 1039 mandando
908 973 1082 1057 qualcuno
1099 971 1134 1037 in
1152 972 1309 1058 Bologna
1324 971 1360 1038 in
1381 973 1456 1039 loco
1477 972 1535 1041 dcl
1555 972 1618 1039 fra·

397 1089 476 1156 tello
491 1087 706 1167 Gieronimo,
724 1109 793 1153 non
808 1088 841 1153 si-
854 1090 926 1173 puo
942 1098 1149 1175 promettere
1164 1108 1245 1155 cosa
1261 1099 1367 1168 certa
1385 1108 1441 1155 ma
1457 1088 1544 1153 satta
1562 1110 1620 1173 pa-

396 1206 493 1285 scha,
512 1208 609 1289 potra
623 1224 718 1271 esser
731 1205 797 1271 che
817 1202 846 1269 si
868 1192 957 1273 t'roui
979 1203 1097 1282 m0d0,
1120 1214 1155 1271 et
1175 1222 1216 1269 ce
1236 1202 1313 1271 serzi
1337 1202 1512 1283 memoria,
1536 1204 1621 1271 nella

397 1319 638 1388 distributione
654 1322 719 1387 che
734 1318 763 1386 si
780 1320 864 1399 tara,
881 1320 937 1387 del
954 1340 1019 1385 suo
1034 1319 1194 1405 collegio,

463 1435 566 1503 Circa
581 1435 604 1501 li
619 1434 738 1502 danari
754 1434 879 1520 portati
895 1435 939 1501 da
957 1434 1090 1515 Parma,
1113 1434 1170 1521 gia
1187 1434 1220 1501 io
1242 1434 1356 1503 scrissi
1378 1437 1444 1502 che
1464 1434 1489 1500 il
1511 1434 1619 1503 Padre

398 1550 631 1618 commissario
647 1572 691 1619 ne
706 1550 861 1637 pigiiassi
883 1562 974 1619 tutto
994 1550 1108 1637 quello
1123 1553 1188 1619 che
1204 1549 1342 1619 hauessi
1362 1552 1405 1617 de
1428 1549 1576 1637 bisogno
1595 1552 1619 1631 ⁸3

398 1666 422 1733 il
437 1678 530 1734 resto
545 1669 588 1735 V.
608 1668 650 1734 R.
674 1667 773 1753 potra
793 1646 932 1736 cercare
952 1668 1099 1753 qualche
1121 1667 1339 1735 mercadante
1360 1664 1476 1733 sicuro
1496 1664 1532 1733 in
1554 1668 1621 1733 Βο-

399 1784 515 1865 loona,
533 1796 568 1852 et
584 1781 682 1862 darli,
700 1782 798 1851 accio
813 1782 913 1850 siano
929 1782 1045 1871 pagati
1063 1806 1083 1849 a
1099 1804 1154 1851 me
1170 1783 1230 1869 qui
1246 1782 1282 1849 in
1301 1785 1419 1864 Roma3
1438 1793 1473 1851 et
1489 1802 1559 1849 non
1569 1802 1621 1849 ac·

399 1900 485 1968 cade
499 1920 593 1967 esser
609 1910 709 1985 tropo
724 1898 860 1966 solicito
874 1901 932 1970 del
948 1902 1059 1967 banco
1074 1900 1109 1967 di
1125 1920 1205 1985 qua,
1225 1901 1396 1968 trouando
1410 1897 1445 1965 di
1461 1898 1493 1965 lai
1514 1898 1620 1965 ban'co

400 2034 421 2079 o
436 2015 655 2081 mercadante
669 2014 704 2080 di
718 2013 862 2097 credit03
880 2028 915 2083 et
932 2014 1050 2084 ueniri
1069 2017 1195 2083 abuon
1209 2027 1323 2101 tempo
1335 2015 1359 2081 il
1371 2034 1545 2083 soccoroo.
1559 2012 1620 2081 Dio

400 2128 451 2195 sia
466 2130 617 2197 laudato,
1386 2162 1394 2195 r

468 2245 568 2312 Aitro
585 2268 652 2312 non
669 2268 821 2327 occorre‚
839 2269 877 2315 se
892 2268 963 2314 non
978 2251 1043 2317 che
1059 2248 1232 2315 uorriamo
1249 2268 1382 2335 sapere,
1401 2266 1470 2313 non
1494 2248 1618 2313 hanen-

400 2360 503 2428 dode
519 2362 694 2431 {arctasse
710 2366 813 2432 Mtro.
831 2363 970 2431 Giouan
993 2365 1198 2445 Franeesco,
1218 2366 1285 2433 che
1305 2384 1388 2431 cosa
1409 2364 1481 2431 fara
1501 2360 1536 2427 in
1558 2362 1619 2429 Βο-

401 2474 516 2562 logna,
538 2488 632 2545 etse
651 2478 795 2547 sarebbe
814 2478 847 2546 'al
868 2478 1043 2565 proposito
1064 2500 1125 2565 per
1145 2479 1168 2545 ii
1191 2500 1290 2548 corso
1312 2476 1390 2546 dell'
1412 2477 1477 2544 arti
1501 2488 1616 2562 quoeto

401 2592 606 2661 Settembre.

467 2707 536 2773 Alt'
554 2706 700 2775 orationi
715 2709 750 2774 di
768 2710 811 2775 V.
832 2710 873 2777 R.
893 2709 974 2777 tutti
990 2712 1095 2777 molto
1111 2710 1144 2777 ci
1160 2709 1469 2777 raccomandiamo.

466 2821 511 2888 Di
529 2825 636 2889 Roma
658 2841 694 2906 17
710 2825 755 2893 de
772 2827 889 2893 Marzo
907 2841 1002 2908 1554.

465 2940 662 3025 Inscriptio.
682 2940 848 3028 Bologna.
867 2940 912 3007 Α]
929 2942 968 3008 Ρ.
987 2936 1073 3031 [ειη.

466 3051 536 3138 Qui
553 3055 679 3121 mando
694 3055 761 3121 aila
777 3056 818 3122 R.
838 3057 882 3123 V.
902 3078 970 3123 vna
986 3058 1109 3127 lettera
1124 3058 1181 3126 del
1196 3056 1395 3123 comissario
1411 3056 1454 3124 dc
1470 3056 1503 3122 la
1517 3053 1619 3139 inqui-

400 3167 526 3238 sitione
551 3169 586 3236 in
611 3192 712 3240 nome
734 3171 815 3238 delli
838 3171 1001 3239 cardinali
1025 3172 1219 3258 inquisitori
1243 3194 1304 3260 per
1325 3170 1505 3239 habilitare
1524 3174 1615 3238 Mtro.

402 3281 527 3351 Vlissc.

468 3399 569 3467 Circa
583 3402 687 3486 quelli
704 3403 792 3484 altri,
810 3404 838 3470 si
856 3404 931 3471 fece
946 3404 1129 3485 relacione,
1148 3404 1229 3473 etsi
1248 3406 1377 3472 inostro
1392 3404 1416 3471 il
1427 3402 1569 3490 capitolo
1579 3402 1616 3468 de

402 3514 434 3578 la
449 3516 570 3582 lettera
585 3517 629 3584 de
645 3519 688 3584 V.
709 3519 765 3600 R.;
784 3540 840 3585 ma
856 3520 1018 3605 parocho
1034 3519 1056 3584 ii
1074 3540 1237 3606 processo
1249 3522 1337 3587 fatto
1349 3530 1469 3587 contro
1481 3540 1501 3585 a
1515 3513 1617 3585 lorosi

403 3629 494 3700 tiene
510 3641 631 3717 troppo
647 3634 838 3719 gagliarda
857 3646 892 3702 ct
908 3634 1001 3703 cossi
1020 3656 1117 3719 parse
1133 3635 1165 3701 al
1183 3634 1381 3703 comissario
1396 3637 1461 3702 che
1477 3635 1520 3701 V.
1535 3634 1573 3700 R.
1586 3652 1617 3698 se

403 3742 614 3830 ingannaua‚
631 3759 702 3815 etc.

473 3864 670 3949 Inscriptio.
690 3865 857 3952 Bologna.
877 3846 1060 3933 Poscritta.

457 4110 471 4137 ⁶
507 4092 593 4152 Olize
607 4113 662 4150 ms.
700 4099 751 4139 -d
771 4097 952 4153 resolutione
966 4098 1178 4170 persiaamente
1193 4118 1248 4157 ms.

455 4311 468 4343 ⁶
505 4310 581 4365 Vide
595 4310 741 4366 laudatam
757 4329 848 4385 nuper
862 4312 1017 4384 epistolam
1031 4327 1113 4383 425⁰·
