3567 5409
567 500 673 557 Rrrsr.
690 510 848 569 aron-19
866 498 982 553 Mnuru
1003 474 1076 566 1554Ι
1307 516 1312 532 ·
1347 508 1397 565 501

194 672 306 736 quam
320 650 457 718 tractari
474 648 488 690 ¹‘
504 673 524 717 a
545 652 645 718 nobis
665 651 775 718 uoluit
794 652 839 718 de
860 651 1018 739 ingressu
1040 648 1216 736 religionis
1235 648 1354 718 inuitis
1375 672 1434 735 pa-

192 764 356 833 rentibus
371 767 396 832 ⁴.
414 768 558 853 Semper
573 779 746 855 oporteret
762 780 858 837 certe
873 766 1011 854 quidem
1028 767 1142 834 datam
1159 766 1350 835 litterarum
1377 788 1436 831 no-

192 893 349 948 strarum
372 882 432 950 tali
447 904 565 950 mense
586 894 622 950 et
642 882 698 952 die
717 883 901 970 attingere3
925 882 1006 951 inde
1027 880 1117 950 enim
1139 880 1371 968 intelligemus
1392 902 1436 948 an

191 996 332 1082 reliqua
359 998 486 1083 scripta
513 1000 665 1065 adeum
692 1010 706 1040 ⁶
729 998 962 1085 peruenerint,
988 1019 1077 1084 quae
1104 1018 1184 1064 cum
1211 996 1333 1066 litteris
1356 996 1436 1062 mit·

203 1124 341 1180 tuntur.

270 1230 548 1315 Expectabamus
568 1229 671 1299 etiam
692 1230 875 1318 inteligere
896 1229 1058 1314 quidnam
1082 1252 1160 1298 cum
1181 1250 1341 1297 caesarea
1368 1224 1438 1294 ma-

190 1344 324 1429 jestate
340 1345 470 1432 egisset
487 1347 594 1414 Rdus.
615 1347 654 1413 P.
676 1348 802 1413 Petrus
818 1348 862 1415 de
883 1348 995 1427 Sotto;
1020 1330 1133 1413 tamen
1155 1347 1197 1413 de
1219 1368 1261 1411 eo
1284 1346 1377 1413 nulla
1397 1348 1436 1413 fit

198 1460 346 1528 mentio.

269 1577 307 1645 Si
335 1576 440 1664 aliqui
466 1576 638 1645 scolastici
666 1577 780 1647 idonei
810 1578 853 1644 ad
876 1562 1060 1665 collegium
1082 1576 1316 1664 germanicum
1343 1578 1438 1645 missi

197 1701 296 1772 sunt,
314 1693 404 1761 bene
418 1704 484 1775 est;
502 1693 531 1760 si
548 1695 701 1760 nondum
715 1692 914 1775 missisunt,
930 1714 1009 1759 cum
1022 1696 1087 1761 hae
1098 1692 1232 1759 litterae
1245 1690 1437 1785 perue[nel÷

197 1808 283 1892 rint,
302 1807 396 1895 prius
412 1808 587 1876 admoneri
605 1831 668 1875 nos
684 1808 850 1877 conuenit
866 1808 1058 1875 cuiusmodi
1075 1809 1155 1888 sint,
1173 1820 1208 1876 et
1225 1808 1400 1894 expectari
1419 1832 1439 1876 a

199 1924 304 1991 nobis
321 1946 535 2011 responsum,
554 1948 599 1994 ne
614 1926 719 2011 aliqui
736 1927 823 1993 forte
839 1946 963 2010 parum
985 1924 1097 1993 idonei
1118 1925 1162 1990 ad
1179 1945 1242 1991 nos
1257 1922 1437 1991 destinen-

197 2053 270 2121 tur,
290 2061 377 2125 quos
389 2062 458 2107 non
475 2041 562 2107 mitti
579 2041 767 2127 expediret,
787 2064 830 2107 ne
848 2040 1027 2108 remitendi
1044 2038 1124 2120 sint;
1144 2038 1210 2107 nisi
1231 2040 1275 2105 V.
1302 2042 1341 2107 R.
1365 2040 1439 2108 exi·

198 2156 357 2223 stimaret
372 2170 441 2223 tam
459 2155 644 2242 praeclaris
661 2156 799 2223 dotibus
815 2157 964 2242 aliquem
981 2178 1057 2224 esse
1070 2156 1252 2242 preditum,
1268 2166 1306 2222 ut
1320 2158 1355 2221 in
1370 2157 1436 2223 du·

200 2270 298 2337 bium
318 2272 404 2340 uerti
420 2294 490 2339 non
508 2272 627 2358 possit,
646 2274 738 2357 quod
755 2281 856 2359 aptus
876 2271 920 2338 sit
943 2273 1091 2338 futurus
1116 2272 1163 2341 Ut
1185 2282 1300 2339 autem
1323 2272 1439 2338 minus

202 2408 392 2473 urgeamus
405 2390 450 2455 V.
469 2389 526 2467 R„
545 2388 579 2453 id
597 2399 650 2456 est
666 2388 701 2454 in
718 2407 823 2454 causa
838 2388 932 2471 quod
946 2388 1067 2453 Patres
1079 2386 1286 2454 viennenses
1304 2406 1344 2453 22
1359 2408 1438 2474 ger·

202 2524 325 2571 manos
336 2502 439 2570 simul
455 2502 554 2569 nobis
571 2504 748 2584 miserunt3
764 2504 857 2570 unde
869 2501 1082 2569 commodius
1097 2512 1279 2588 expectare
1291 2505 1437 2589 posthac

201 2616 321 2686 licebit
336 2630 371 2686 et
386 2619 558 2685 delectum
575 2620 703 2686 habere
719 2618 895 2699 maiorem,
917 2615 1195 2703 quandoquidem
1219 2616 1436 2703 quinquage-

204 2733 339 2800 narium
357 2734 413 2800 hic
429 2755 611 2801 numerum
627 2736 808 2802 excedent.
828 2734 872 2799 Et
887 2735 954 2800 hoc
971 2734 1083 2819 ipsum
1100 2734 1144 2799 V.
1166 2735 1205 2800 R.
1225 2732 1353 2799 scribat
1371 2734 1438 2799 Pa-

206 2848 251 2915 tri
268 2849 449 2917 Leonardo
468 2852 492 2915 ³.

273 2966 350 3033 Hae
366 2965 499 3033 litterae
517 2966 699 3032 mittuntur
714 2986 776 3051 per
792 2963 968 3031 dominum
989 2962 1145 3031 Aletrium
1161 2965 1188 3029 F
1190 2974 1367 3044 ontanam,
1382 2963 1439 3030 cui

204 3080 458 3148 communicare
481 3080 750 3167 quadrimestres
772 3092 809 3148 et
830 3080 915 3146 alias
935 3080 978 3145 ad
998 3079 1250 3147 edificationem
1273 3053 1439 3147 facientes

205 3196 336 3265 litteras
352 3198 480 3264 bonum
497 3208 601 3277 esset,
620 3218 699 3263 cum
717 3208 854 3283 gratum
867 3196 900 3263 ei
919 3197 1018 3264 ualde
1032 3197 1186 3262 futurum
1200 3194 1258 3265 sit.

274 3311 406 3381 Omnes
423 3314 578 3381 ualemus
595 3335 656 3399 per
672 3312 736 3379 Dei
753 3310 914 3400 gratiam,
933 3324 1000 3380 tam
1018 3311 1110 3377 domi
1123 3333 1224 3396 quam
1238 3310 1272 3376 in
1286 3309 1438 3396 collegio

205 3441 324 3495 nostro
339 3440 374 3496 et
390 3428 599 3517 germanico.
619 3427 846 3515 intelligimus
861 3428 965 3494 etiam
981 3430 1076 3515 Mag.
1093 3428 1304 3495 Bernardum
1318 3425 1439 3495 Oliue·

205 3544 294 3611 rium
310 3545 437 3625 ualere,
455 3544 514 3631 qui
528 3557 642 3613 tamen
658 3542 777 3611 scribit
792 3564 830 3610 se
846 3544 959 3611 nullas
971 3565 1013 3611 ex
1027 3542 1127 3610 nobis
1141 3541 1271 3610 litteras
1284 3540 1438 3628 accepis-

204 3682 255 3741 se3
273 3682 374 3746 spero
389 3661 432 3727 ad
448 3682 527 3729 eum
540 3672 617 3746 post
629 3659 704 3725 eius
717 3657 854 3725 ultimas
867 3658 976 3744 pridie
988 3659 1148 3727 calendas
1162 3656 1338 3724 Februarii
1352 3657 1437 3723 scri·

206 3786 284 3863 ptas
300 3776 367 3843 iam
384 3776 584 3863 peruenisse
605 3778 630 3841 ⁸.

274 3894 359 3961 Vale
376 3894 410 3958 in
426 3891 596 3980 X.⁰Jesu,
611 3903 647 3958 et
660 3892 783 3959 uestris
793 3890 1007 3959 orationibus
1020 3912 1083 3956 nos
1095 3910 1237 3975 quaeso,
1253 3892 1328 3959 Deo
1341 3910 1436 3956 com·
1481 3890 1482 3895 ’
1543 3974 1548 3981 ι

207 4011 381 4076 mendate.

275 4126 404 4193 Romae
425 4144 464 4212 19
480 4123 537 4192 die
552 4123 666 4191 Martii
694 4139 789 4208 1554.

260 4342 275 4381 b
312 4338 427 4393 trattati
438 4356 493 4398 ms.
534 4370 548 4377 -
567 4352 580 4381 e
599 4338 712 4409 reliquo
722 4336 831 4408 scripta
845 4352 913 4390 eum
927 4354 982 4392 ms.

261 4539 273 4569 ⁴
309 4537 356 4591 De
367 4538 423 4593 hae
435 4553 467 4591 re
480 4540 596 4606 egimus
610 4552 707 4606 supra.

261 4628 274 4659 ⁸
311 4626 458 4682 Kesselio.

262 4718 272 4748 ⁸
310 4713 385 4770 Vide
398 4715 553 4786 epistolam
567 4727 650 4783 4100.
