3567 5409
427 433 481 487 660
798 434 1013 489 Monunsum
1033 432 1217 487 lcunrrnss

393 589 487 673 Mag.
507 564 717 667 Cathaenae',
735 607 776 653 ac
792 587 974 653 leodiensis
990 584 1080 653 illius
1092 587 1232 672 juuehis
1244 600 1363 657 sancto
1377 591 1504 657 feruore
1516 590 1598 659 intel-

391 701 549 781 leximus,
568 722 632 767 nos
644 704 790 769 multum
807 702 841 767 in
859 702 1006 769 Domino
1023 715 1231 769 recrearunt:
1250 704 1281 771 ei
1298 703 1360 770 soli
1374 706 1480 769 honor
1495 717 1525 771 et
1536 708 1598 791 glo·

392 818 453 897 ria,
476 818 534 903 qui
552 818 720 884 bonorum
741 819 894 886 omniurn
912 829 965 885 est
986 830 1117 885 auctor.
1143 819 1344 885 Vicinorum
1367 821 1513 887 omnium
1532 844 1598 907 pro·

391 935 495 1001 fectui
524 945 558 1001 et
586 934 816 1002 aedificationi
844 957 887 1001 ex
915 936 1029 1001 animo
1057 937 1350 1022 congratulamur,
1377 950 1411 1004 et
1440 938 1598 1005 sanitatem

388 1050 578 1118 coloniensi
602 1052 728 1137 populo
745 1050 935 1119 restitutam
953 1052 996 1118 ad
1014 1051 1192 1137 utriusque
1210 1052 1358 1118 hominis
1379 1065 1541 1119 aeternam
1556 1076 1600 1119 sa-

390 1167 495 1235 lutem
514 1168 680 1253 prolicere
696 1166 868 1254 cupimus·

457 1284 562 1368 Quod
581 1283 703 1351 attinet
723 1285 768 1350 ad
784 1287 879 1371 Mag.
900 1287 1069 1371 Joannem
1093 1285 1317 1365 Cathaenam,
1343 1284 1600 1369 quandoquidem

389 1420 458 1465 non
482 1400 643 1484 expedire
668 1400 806 1465 uidetur
833 1402 874 1466 R.
899 1402 942 1467 V.
968 1411 1005 1465 ut
1029 1422 1130 1467 suurn
1157 1411 1287 1485 patrem
1312 1398 1413 1467 modo
1439 1400 1600 1483 relinquat,

390 1526 527 1582 maneat
539 1537 618 1581 curn
631 1537 685 1596 e0,
704 1526 739 1583 et
755 1537 819 1581 suo
831 1515 1002 1601 profectui
1018 1515 1054 1579 in
1070 1515 1178 1583 literis
1194 1528 1229 1581 et
1249 1515 1283 1581 in
1306 1514 1427 1602 spiritu
1449 1514 1599 1600 inuigilat.

390 1632 434 1698 V.
453 1634 495 1697 R.
517 1632 550 1698 ei
570 1631 742 1718 significet
763 1632 899 1699 Patrem
922 1645 1076 1697 nostrum
1099 1630 1173 1699 eius
1194 1643 1314 1697 uotum
1331 1631 1512 1716 accepisse,
1528 1631 1602 1696 etin

390 1759 540 1813 nostram
559 1747 766 1836 Societatem
783 1769 887 1831 quarn
908 1746 1140 1814 amantissime
1159 1722 1270 1834 ipsum
1292 1747 1482 1824 admittere,
1505 1758 1535 1812 et
1554 1767 1604 1811 au·

391 1862 506 1931 diendi
530 1862 764 1931 confessiones
784 1874 819 1930 et
840 1862 1068 1930 eucharistiae
1092 1872 1342 1930 sacramentum
1365 1862 1604 1929 administrandi

391 1980 589 2046 facultatem
611 1980 642 2046 ei
666 1981 867 2059 concedere,
890 1990 926 2045 et
948 1978 1084 2063 quidem
1106 1980 1149 2045 ad
1166 1998 1267 2044 casus
1283 1998 1413 2053 omnes,
1433 1977 1489 2062 qui
1505 1978 1544 2041 V.
1562 1978 1598 2041 R.

393 2093 603 2162 uidebuntur
615 2096 727 2181 (cuius
740 2094 902 2161 iudicium
917 2098 980 2161 hac
994 2095 1028 2161 in
1043 2117 1077 2161 re
1092 2098 1194 2162 Pater
1207 2105 1323 2162 noster
1335 2094 1507 2179 sequitur),
1521 2114 1604 2157 suam

392 2223 427 2279 et
454 2210 636 2279 Societatis
664 2211 903 2287 auctoritatem
931 2210 965 2275 in
994 2211 1205 2280 absoluendo
1232 2210 1498 2289 communicare,
1530 2230 1606 2293 quae

394 2328 508 2394 ornnia
534 2348 674 2395 cessura
701 2328 735 2392 in
763 2327 828 2393 Dei
856 2328 1002 2414 gloriam
1030 2338 1064 2393 et
1091 2350 1310 2395 communem
1339 2321 1514 2392 utilitatem
1541 2345 1606 2408 spe·

394 2465 510 2509 ramus
522 2446 547 2508 ⁸.

460 2559 564 2643 Quod
581 2558 689 2627 Rdus
708 2560 818 2624 Dnus.
837 2559 1068 2644 Grupperus¹
1091 2560 1212 2625 suadet
1227 2558 1271 2625 de
1286 2558 1414 2625 diocesi
1436 2558 1606 2626 coloniensi

393 2673 584 2752 inuisenda,
610 2675 654 2739 de
673 2672 873 2739 curionibus
889 2674 923 2739 in
947 2673 1179 2759 spiritualibus
1199 2674 1411 2765 exercendis
1436 2676 1477 2741 de
1496 2674 1608 2741 studiis

392 2788 582 2856 iuuentutis
596 2789 832 2867 reformandis,
852 2790 1037 2875 perplacet,
1056 2800 1090 2859 et
1107 2812 1204 2856 suam
1221 2811 1358 2877 operam
1374 2791 1417 2858 V.
1435 2793 1474 2856 R.
1493 2779 1608 2855 utiliter

393 2905 576 2971 admodum
591 2928 632 2972 ea
644 2904 678 2970 in
693 2927 729 2973 re
744 2889 878 2971 uidetur
891 2907 1110 2972 collocatura.
1127 2906 1205 2971 Non
1219 2916 1333 2993 tamen
1346 2905 1429 2970 diu²
1440 2906 1608 2972 admodum

393 3032 490 3087 extra
505 3020 686 3087 Coloniam
704 3023 912 3088 manendum
925 3042 1002 3087 esse
1014 3022 1190 3089 uideretur
1202 3023 1277 3088 VJ*
1294 3023 1378 3103 R.⁸⁰;
1398 3042 1475 3088 nam
1491 3021 1609 3105 aliquos

394 3160 439 3233 err
453 3158 494 3205 ea
510 3136 735 3204 vniuersitare
752 3136 816 3202 X.⁰
838 3136 976 3203 domino
997 3137 1174 3221 acquirere
1190 3137 1308 3225 magni
1329 3136 1518 3204 faciendum
1531 3133 1611 3201 arbi-

395 3265 536 3332 tramur,
555 3265 590 3319 et
606 3254 694 3317 forte
710 3251 868 3318 dominus
885 3254 981 3319 Deus
997 3251 1141 3339 collegia
1158 3252 1232 3318 lieri
1248 3252 1412 3319 Coloniae
1429 3263 1463 3320 et
1480 3247 1610 3319 Louanii

394 3367 505 3435 noluit
527 3379 575 3455 ut,
586 3367 713 3452 aliquid
730 3368 851 3435 melius
867 3368 910 3434 ad
927 3388 1110 3440 commune
1127 3370 1254 3433 bonum
1277 3367 1485 3454 prouiderat.
1509 3368 1551 3433 Et
1566 3388 1609 3433 re·

396 3506 476 3552 uera
493 3484 637 3552 iuuenes
661 3482 844 3565 studiosos,
867 3493 903 3549 et
919 3484 1018 3549 bonis
1033 3484 1176 3570 ingenii,
1195 3483 1375 3571 probitatis
1398 3495 1433 3550 et
1449 3482 1611 3551 doctrinae

393 3600 532 3666 dotibus
547 3610 697 3680 ornatos,
712 3601 756 3665 ad
768 3600 839 3665 Χ.111
852 3602 987 3667 trahere
1000 3620 1080 3685 prae
1093 3599 1210 3692 multis
1222 3599 1376 3687 collegiis
1392 3597 1611 3665 materialibus

392 3716 641 3783 aestimandum
660 3715 830 3781 ducimus.
855 3717 947 3781 Idem
969 3726 1021 3782 est
1042 3718 1134 3800 quod
1156 3716 1251 3782 locus
1267 3716 1335 3797 ille,
1359 3736 1459 3800 quem
1482 3736 1541 3801 pro
1556 3732 1611 3779 sua

393 3831 609 3898 humanitate
631 3841 666 3897 et
689 3830 857 3898 charitate
880 3830 1040 3899 dominus
1064 3832 1268 3917 Grupperus
1295 3830 1457 3923 Societati
1485 3839 1611 3897 nostrae

393 3950 495 4017 offert
511 3958 608 4014 extra
621 3946 812 4028 Coloniam,
830 3968 910 4014 curn
923 3947 1136 4013 conditiones
1153 3946 1356 4034 ignorentur
1368 3945 1483 4033 oppidi
1500 3958 1533 4014 et
1547 3942 1611 4010 dis·

444 4154 458 4180 ι
495 4136 562 4191 Non
575 4137 625 4192 diu
640 4146 738 4191 tamen
751 4135 802 4190 diu
817 4153 872 4194 ms.

443 4311 454 4344 ⁸
492 4308 587 4378 «Mag.
606 4309 736 4379 Joannes
750 4306 899 4365 Catena...
919 4322 987 4361 cum
1004 4304 1183 4376 Theologiae
1203 4303 1287 4361 daret
1307 4322 1436 4375 operam,
1457 4303 1567 4359 erudite
1583 4308 1610 4353 et

390 4398 507 4470 publice
520 4396 673 4469 respondit
690 4396 720 4452 in
738 4396 846 4451 scholis
860 4397 1074 4466 Theologorum
1089 4404 1198 4449 etcum
1213 4410 1318 4466 magna
1333 4408 1433 4449 eorum
1447 4390 1609 4449 satisfactio·

389 4505 456 4547 ne.»
470 4488 654 4557 Focaneus,
668 4486 793 4553 chron„
807 4485 860 4552 IV,
875 4497 942 4555 275·

442 4582 452 4611 ⁷
491 4578 620 4647 joannes
635 4576 818 4648 Gropperus,
834 4574 885 4647 qui
905 4592 953 4629 rse
966 4573 1123 4631 admodum
1136 4574 1262 4629 amicum
1277 4572 1419 4628 Societati
1433 4570 1607 4626 exhibebatur.

295 4653 300 4664 ’
388 4668 572 4737 PocanctJS,
589 4666 712 4731 Clrron„
728 4666 779 4733 lV,
795 4677 847 4733 270
860 4674 890 4719 et
906 4676 968 4735 271,
982 4664 1033 4720 ubi
1046 4666 1119 4719 haec
1132 4664 1257 4735 epistola
1275 4670 1443 4733 usurpatur.
