3567 5409
607 486 712 541 Eersr.
733 483 866 552 4418.-r
890 484 970 557 Mqu
994 488 1060 552 ¹554
1357 476 1412 533 663

214 637 313 704 molti
328 638 373 706 de
389 638 446 723 piu
465 640 680 706 uerrebbono
695 658 733 705 se
748 637 815 704 ella
833 638 926 739 fosse
943 637 999 724 pilr
1016 656 1155 721 capace.
1173 636 1221 702 Le
1237 632 1445 701 confessioni

213 753 316 819 etiam
334 774 422 820 sono
439 752 607 820 ordinarie
623 765 658 819 et
674 754 790 830 molte,
806 764 841 821 et
855 754 889 821 le
905 752 1101 819 comunioni
1117 752 1200 838 ogni
1216 752 1264 817 di.

224 937 235 959 .
280 870 307 935 ll
323 868 471 955 collegio
487 869 687 955 germanico
710 870 846 955 passeri
870 869 914 936 de
932 872 974 952 56
996 890 1159 955 persone,
1178 868 1273 937 etde
1294 890 1393 933 mano
1409 866 1444 933 in

213 1007 316 1051 mano
331 985 360 1053 si
376 1008 476 1071 spera
492 987 516 1051 l'
534 996 709 1066 aumento,
723 984 950 1052 assettandosi
968 985 1071 1052 etiam
1085 986 1116 1051 le
1128 1004 1208 1051 cose
1221 983 1410 1069 temporali3
1425 1007 1445 1052 e

213 1100 345 1186 quellid
361 1104 426 1169 che
441 1101 474 1169 ci
490 1122 576 1167 sono
588 1103 692 1167 fanno
704 1100 893 1168 benissimo
907 1104 1014 1167 lrutto
1029 1103 1119 1169 nelle
1136 1102 1268 1180 lettere,
1283 1114 1315 1169 et
1330 1100 1446 1165 dinuo

213 1219 328 1284 buono
345 1216 516 1303 essempio
530 1219 618 1284 della
637 1216 707 1283 vita
723 1237 799 1284 sua.

278 1332 391 1399 Credo
406 1333 483 1399 sara
500 1332 633 1399 auisato
650 1335 692 1399 V.
713 1335 755 1399 R.
774 1354 872 1399 come
885 1332 997 1416 questi
1011 1332 1124 1418 giomi
1140 1332 1266 1419 passati
1279 1334 1315 1398 lu
1333 1333 1443 1399 solen·

211 1459 373 1517 nemente
395 1449 568 1532 publicata
592 1471 659 1515 una
684 1448 1029 1516 archiconfraternita
1050 1448 1105 1515 del
1127 1459 1226 1517 santo
1246 1449 1440 1533 sepulchro,

165 1551 167 1554 ⁵
212 1564 410 1630 trouandosi
427 1565 524 1648 quasi
542 1565 622 1633 tutti
639 1564 661 1629 li
678 1564 841 1631 cardinali
855 1566 903 1631 de
920 1566 1029 1631 Roma
1045 1565 1134 1641 nella
1147 1564 1263 1633 chiesa
1279 1564 1367 1631 della
1381 1564 1442 1631 Mi*

212 1700 331 1761 nerua3
350 1690 385 1747 et
401 1680 608 1766 predicando
626 1702 695 1748 uno
711 1700 861 1747 vescouo
876 1680 1038 1747 dechiard
1050 1680 1073 1744 il
1086 1680 1155 1747 fine
1172 1680 1214 1747 de
1228 1681 1272 1745 tal
1286 1701 1401 1766 opera,
1420 1680 1442 1744 il

210 1795 310 1878 quale
327 1795 358 1875 ὲ,
376 1796 509 1863 aiutare
524 1797 547 1863 li
566 1796 682 1882 tempii
696 1795 860 1863 materiali
873 1806 909 1865 et
925 1795 948 1863 li
965 1794 1048 1875 viui,
1064 1807 1160 1861 tanto
1177 1796 1211 1861 in
1225 1794 1441 1863 Hierusalem

209 1921 341 1993 quanto
357 1910 391 1977 in
407 1914 493 1978 altre
509 1912 641 1997 regioni
658 1912 702 1980 de
718 1913 871 1979 Levante
887 1924 912 1993 e;
933 1933 993 1997 per
1013 1910 1038 1975 il
1054 1914 1120 1979 che
1141 1912 1178 1979 S.
1197 1912 1234 1979 S.
1261 1913 1293 1978 la
1315 1912 1440 1979 erezio·

210 2046 255 2091 ne
266 2024 278 2065 ¹
289 2028 334 2093 de
350 2039 402 2093 tre
417 2026 555 2113 collegii
571 2029 614 2094 de
630 2038 748 2093 nostra
762 2028 990 2113 Compagnia‚
1010 2049 1078 2093 uno
1093 2027 1127 2092 in
1146 2027 1377 2108 Hierusalem,
1392 2030 1441 2094 al-

211 2154 266 2208 tro
283 2142 318 2207 in
335 2142 647 2229 Constantinopoli,
666 2145 754 2211 altro
771 2144 805 2208 in
821 2144 950 2229 Cypro.
971 2143 1037 2211 Dio
1054 2144 1098 2211 N.
1117 2146 1153 2211 S.
1173 2164 1211 2209 se
1228 2165 1270 2209 ne
1286 2164 1386 2211 serua
1399 2146 1441 2211 de.

211 2258 291 2323 tutti
308 2281 328 2325 a
344 2259 513 2325 beneficio
531 2258 725 2325 uniuersale
740 2261 784 2326 de
800 2279 863 2325 sua
880 2258 1008 2327 chiesa.
1030 2261 1143 2331 Amen
1161 2260 1187 2327 ¹.

278 2375 314 2440 ln
331 2376 478 2442 Genoua
494 2374 523 2440 si
539 2377 558 2441 e
575 2376 681 2441 molto
696 2376 826 2443 seruito
842 2374 940 2442 Iddio
956 2377 1000 2443 N.
1021 2378 1057 2443 S.
1077 2377 1192 2443 dellaz
1208 2376 1440 2461 predicatione

212 2492 269 2557 del
288 2494 328 2557 P.
349 2493 452 2557 Mtro.
471 2493 622 2576 Laynez,
640 2504 675 2557 et
692 2494 724 2558 lu
740 2492 836 2575 citta,
855 2494 942 2559 oltra
958 2493 1047 2557 della
1066 2494 1207 2558 uolunta
1223 2494 1266 2558 de
1283 2493 1439 2558 risorma·

208 2632 245 2673 re
262 2605 339 2673 altri
356 2606 466 2686 abusi,
483 2607 542 2693 gisi
560 2610 604 2673 ha
621 2609 701 2675 dato
717 2608 837 2675 ordine
852 2610 884 2675 al
903 2608 1028 2675 vicario
1052 2612 1077 2688 ⁸,
1095 2609 1174 2687 che,
1193 2609 1438 2694 congregando

139 2733 143 2738 ’
207 2722 359 2807 theologi
376 2735 412 2788 et
427 2723 595 2791 canonisti
608 2722 635 2803 ¹¹,
651 2723 823 2791 habbiano
840 2749 859 2792 a
875 2724 1084 2816 essaminare
1101 2722 1181 2790 tutti
1194 2722 1216 2789 li
1234 2724 1379 2789 contrati
1393 2725 1437 2792 de

206 2840 281 2904 loro
297 2839 475 2916 mercanti,
493 2850 528 2904 et
544 2841 609 2907 che
626 2841 825 2907 totalmente
841 2841 939 2922 siano
955 2839 1057 2907 leuati
1072 2840 1094 2905 li
1108 2840 1187 2905 mali
1203 2851 1238 2905 et
1251 2839 1359 2905 illiciti
1371 2860 1435 2905 con

207 2952 356 3019 autoritd
371 2954 518 3039 publica.

274 3069 312 3133 ln
334 3069 476 3136 Ferrara
499 3070 528 3135 si
544 3071 562 3136 ὲ
580 3072 685 3135 molto
705 3071 834 3137 seruito
850 3070 963 3151 lddio,
983 3069 1199 3137 cacciandosi
1220 3070 1240 3147 ⁵,
1263 3069 1436 3135 aistantia

205 3182 262 3251 del
280 3185 320 3249 P.
341 3184 523 3250 Pelletario
541 3186 624 3252 satta
645 3188 676 3252 al
699 3188 814 3253 duclra
832 3189 858 3266 ⁴,
877 3187 899 3251 li
923 3185 1083 3264 heretici,
1102 3184 1231 3251 homini
1252 3196 1286 3253 et
1308 3187 1434 3265 donne,

114 3289 118 3296 ⁴
203 3302 239 3365 d'
259 3321 326 3365 una
344 3300 474 3385 grande
491 3321 582 3381 casa,
602 3304 666 3368 che
683 3302 728 3367 iui
747 3325 805 3371 era
823 3324 892 3367 uno
909 3300 994 3367 asilo
1010 3304 1053 3368 de
1070 3302 1227 3383 luterani3
1247 3313 1281 3366 et
1299 3304 1342 3367 lra
1355 3322 1435 3367 con-

204 3418 332 3483 fessato
348 3418 445 3483 detto
463 3419 573 3483 Padre
595 3418 617 3483 il
638 3418 767 3504 figliolo
788 3430 823 3484 et
839 3418 969 3505 figliole
987 3422 998 3453 ³
1016 3420 1071 3487 del
1088 3420 1204 3484 ducha
1220 3440 1285 3483 eon
1302 3420 1434 3503 grande

201 3530 312 3607 frutto
327 3534 401 3598 loro
418 3533 606 3618 spirituale,
625 3549 659 3602 et
675 3536 837 3601 mandato
852 3557 921 3600 una
938 3534 1072 3600 colonia
1088 3536 1132 3600 ad
1149 3535 1320 3620 Argenta,
1336 3534 1433 3600 chel:
1519 3540 1524 3550 '

204 3669 271 3713 una
287 3649 402 3715 buona
420 3660 508 3716 terra
529 3650 563 3715 di
586 3652 663 3734 quel
682 3662 783 3728 stato,
806 3651 934 3737 perche
955 3650 978 3715 il
999 3652 1088 3717 duca
1104 3650 1139 3715 in
1157 3649 1238 3737 ogni
1257 3650 1358 3715 modo
1374 3650 1395 3715 l'
1414 3672 1433 3715 a

203 3764 332 3843 uolut0‚
352 3786 411 3849 per
427 3778 531 3830 conto
549 3768 591 3834 de
615 3767 772 3834 scludere
793 3768 825 3831 la
843 3767 930 3833 mala
950 3764 1084 3832 dotrina
1106 3766 1139 3831 di
1158 3767 1270 3851 quella
1287 3777 1377 3831 terra
1396 3776 1431 3832 et

202 3878 334 3963 piantar
352 3881 382 3945 la
400 3880 526 3947 bunna.

204 4022 328 4029 ——›.-
344 4024 399 4032 ---

252 4089 265 4127 d
302 4090 401 4158 quelle
424 4106 484 4145 ms.
528 4105 581 4132 ..e
604 4090 723 4143 leuanto
751 4108 806 4143 ms.
850 4092 903 4131 -f
923 4090 1069 4145 erretione
1094 4108 1147 4146 ms.
1193 4106 1245 4141 -r
1272 4088 1350 4143 delle
1373 4106 1431 4141 ms.

200 4176 249 4217 —h
268 4177 419 4232 canoniste
435 4196 487 4231 ms.
526 4181 569 4219 —i
589 4178 775 4233 caclriandosi
790 4197 845 4237 ms.

203 4302 398 4312 ——w-——n-

250 4367 261 4398 ²
301 4366 480 4434 PocnuctJS,
497 4365 620 4431 Chrom,
634 4368 684 4435 w,
699 4366 758 4422 ¹30.
771 4368 853 4421 Haec
864 4384 935 4421 vero
946 4367 981 4421 nd
992 4366 1105 4422 exitum
1116 4366 1257 4438 perducta
1271 4382 1430 4437 numquam

84 4458 92 4469 ”
201 4455 344 4509 hactenus
357 4454 487 4512 luerunt.

250 4546 261 4576 ⁵
299 4544 444 4615 Aegidius
458 4547 599 4615 Falcetta,
615 4547 772 4617 episcopus
786 4547 978 4619 caprulensis,
995 4546 1119 4601 Genuae
1135 4545 1272 4600 vicarius.

250 4637 262 4667 ⁴
299 4635 444 4689 Hercules
458 4636 487 4690 11
500 4636 645 4693 Estensis.
716 4656 720 4664 ·

251 4726 262 4757 ⁵
299 4724 375 4780 Vide
389 4726 529 4797 epistolas
542 4723 614 4793 4334
625 4736 656 4780 et
665 4724 748 4795 4346.
