3567 5409
761 462 969 518 Mouurrmsrn
995 462 1174 518 Icnrrrnnn

639 742 873 810 EPISCOPO
899 618 1303 811 ediltOMONTANO

752 870 840 912 sons
859 869 1063 926 stenhusen
1084 869 1154 927 1554
1168 856 1192 913 ¹.

355 983 476 1038 Gratiis
487 1000 523 1036 ex
534 982 640 1037 animo
652 982 728 1037 actis
736 984 772 1037 ob
783 983 895 1038 collata
905 984 1086 1055 abepiscopo
1096 982 1250 1056 beneficio,
1260 984 1339 1041 dolet
1350 1002 1409 1039 noa
1419 989 1504 1056 posse
1512 990 1599 1057 prae

407 1073 556 1127 sociorum
567 1075 724 1143 paucitate
734 1090 764 1128 se
777 1074 893 1143 aliquot
906 1074 939 1128 in
958 1073 1160 1129 biliomensem
1179 1074 1370 1129 academiam
1383 1076 1519 1142 mittem
1532 1079 1599 1131 atrr-

407 1162 494 1215 ‹tium
510 1180 586 1234 erga
604 1163 774 1235 episcopum
787 1165 929 1229 testatum
940 1162 1100 1236 collegium
1112 1163 1312 1233 parisiensem
1325 1167 1354 1218 et
1366 1163 1548 1218 universam
1564 1163 1600 1219 ia

410 1251 517 1307 Gallia
532 1253 712 1307 Societatem
726 1251 777 1305 illi
788 1254 989 1308 commendat.

425 1389 521 1455 Rme.
539 1387 677 1454 domine
692 1398 727 1456 et
743 1387 778 1472 in
795 1390 860 1455 X.⁰
877 1386 1199 1457 observandissime.

423 1506 565 1572 Summa
582 1503 693 1591 gratia
709 1515 744 1573 et
759 1519 921 1573 aeternus
936 1527 1030 1571 amur
1049 1505 1112 1572 Dei
1126 1516 1160 1571 et
1173 1507 1219 1574 D.
1234 1506 1278 1573 N.
1292 1507 1377 1592 Jesu
1390 1502 1522 1570 Christi
1536 1504 1599 1571 do·

359 1618 583 1686 minationem
607 1631 754 1687 vestram
778 1621 913 1686 Rmam.
937 1633 1139 1699 conseruet,
1169 1633 1204 1689 et
1224 1619 1399 1687 continuis
1423 1622 1600 1686 donorum

362 1756 502 1802 suorum
519 1746 720 1821 promoueat
737 1735 948 1822 augmentis.

427 1850 582 1917 Intellexi
597 1872 659 1936 per
674 1850 807 1917 litteras
823 1853 866 1917 D.
887 1852 931 1917 V.
957 1853 1075 1949 Rmae.
1096 1871 1115 1935 3
1132 1852 1293 1919 calendas
1315 1851 1479 1918 Octobris
1496 1852 1509 1883 '
1527 1872 1601 1935 quo

361 1966 396 2031 in
414 1978 506 2033 statu
522 1988 578 2033 res
593 1977 710 2034 essent
726 1966 959 2033 vniuersitatis
971 1967 1210 2049 bilhoniensis3
1224 1988 1315 2051 quae
1327 1988 1409 2033 cura
1427 1980 1601 2052 premeret

362 2081 530 2148 solicitam
548 2082 750 2151 charitatem
772 2085 816 2149 D.
841 2084 885 2149 V.
909 2086 1041 2163 Rmae.,
1066 2095 1103 2148 ut
1120 2082 1289 2150 instauret
1309 2083 1516 2151 collabenria
1533 2082 1601 2149 ibi·

361 2197 440 2264 dem
459 2197 634 2265 literarum
651 2197 781 2278 studia;
805 2219 978 2284 quamque
999 2220 1093 2284 spem
1117 2198 1287 2265 Dominus
1310 2198 1478 2279 iniecerit,
1503 2201 1602 2285 quod

363 2325 560 2380 nostrorum
578 2336 682 2399 opera
698 2314 742 2380 ad
759 2326 827 2381 tam
844 2327 1003 2381 sanctum
1019 2314 1198 2397 negotium
1212 2315 1339 2400 aliquid
1355 2316 1400 2381 sit
1413 2316 1599 2383 collatura.

363 2431 408 2495 Et
424 2451 520 2509 sane,
535 2450 614 2495 cum
631 2452 685 2497 res
702 2429 776 2515 ipsa
792 2430 1008 2515 maximaque
1019 2432 1252 2498 emolumenta
1267 2432 1310 2497 ad
1322 2430 1388 2498 Dei
1404 2432 1550 2517 gloriam
1565 2444 1601 2499 et

364 2545 556 2612 animarum
575 2547 719 2613 salutem
737 2546 818 2615 inde
838 2545 1057 2632 percipienda
1074 2546 1221 2611 multum
1239 2568 1302 2613 nos
1318 2560 1493 2629 moueant3
1520 2570 1600 2615 san·

365 2673 461 2727 ctum
478 2662 562 2727 illud
579 2662 798 2747 desyderium
815 2675 849 2728 et
866 2674 1028 2729 constans
1043 2664 1088 2730 D.
1107 2664 1151 2729 V.
1172 2663 1290 2732 Rmae.
1313 2662 1478 2743 studium,
1503 2662 1602 2730 chri·

364 2777 481 2844 stiano
498 2776 652 2843 antistite
668 2777 922 2864 dignissimum,
942 2790 1013 2844 tum
1030 2777 1235 2845 existimatio
1251 2778 1319 2858 illa,
1338 2778 1550 2847 confidentia
1567 2791 1602 2846 et

365 2893 469 2960 animi
486 2894 669 2979 propensio
684 2894 719 2960 in
737 2894 945 2963 Societatem
963 2905 1115 2962 nostram
1133 2898 1233 2981 (quae
1249 2894 1348 2961 nobis
1361 2896 1602 2981 undecunque

364 3009 531 3077 elucescit
543 3010 580 3094 ⁸),
600 3011 655 3078 uel
667 3010 815 3078 maxime
826 3033 893 3077 nos
904 3022 1058 3091 mouent,
1075 3023 1113 3077 ut
1125 3030 1254 3078 morem
1271 3030 1394 3097 gerere
1409 3022 1444 3076 et
1461 3013 1599 3077 obtem·

365 3146 484 3211 perare
500 3127 543 3193 D.
562 3127 606 3193 V.
626 3127 744 3192 Rmae.
764 3127 908 3193 summis
925 3126 1015 3192 uotis
1032 3136 1246 3211 exoptemus,

432 3243 503 3310 Sed
520 3261 600 3307 cum
617 3241 714 3309 hisce
731 3240 958 3327 temporibus
974 3240 1099 3325 quibus
1112 3240 1176 3307 n'os
1192 3254 1331 3310 exercet
1346 3240 1486 3309 diuinae
1502 3240 1601 3309 iusti·

367 3356 435 3423 tiae
453 3356 645 3442 permissio,
663 3355 748 3422 alios
769 3377 871 3441 quarn
888 3358 998 3441 gallos
1018 3356 1155 3424 mittere
1178 3355 1375 3423 Bilhonium
1400 3368 1511 3423 tutum
1529 3377 1599 3422 non

367 3472 424 3555 sit;
442 3494 593 3558 cumque
609 3494 652 3541 ex
668 3494 709 3540 ea
725 3472 864 3539 natione
881 3494 1072 3559 perpaucos
1087 3473 1276 3539 habeamus
1289 3477 1428 3557 (eosque
1445 3472 1479 3537 in
1497 3474 1605 3539 rebus

368 3588 507 3656 maximi
525 3589 690 3657 momenti
707 3588 1014 3673 occupatissimos),
1034 3588 1092 3674 qui
1105 3587 1297 3655 studiorum
1311 3588 1507 3675 theologiae
1520 3608 1598 3655 cur-

368 3704 514 3773 riculum
533 3704 603 3771 sint
619 3704 761 3785 emensi3
779 3717 962 3790 expectare
984 3704 1184 3788 aliquandiu
1206 3702 1401 3773 necessario
1417 3724 1599 3790 cogemur,

366 3821 477 3889 donec
495 3820 655 3907 publicae
671 3843 726 3887 res
742 3820 787 3885 ad
803 3831 931 3886 statum
949 3819 1217 3904 tranquilliorem
1237 3820 1324 3905 (Deo
1341 3819 1376 3885 id
1393 3820 1602 3905 praestante)

369 3936 589 4022 redigantur,
610 3938 664 4003 uel
686 3948 780 4003 certe
800 3935 835 4001 in
859 3934 1067 4021 theologicis
1090 3934 1213 4002 studiis
1230 3956 1453 4021 progressum
1478 3936 1606 4001 faciant

367 4053 540 4137 praeclara
556 4052 670 4137 aliqua
688 4052 831 4117 fratrum
844 4063 1040 4117 nostrorum
1055 4050 1207 4134 ingenia,
1223 4071 1312 4137 quae
1325 4050 1359 4116 in
1373 4050 1485 4119 Gallia
1498 4051 1601 4119 etiam

374 4183 581 4196 .—...-—-

420 4250 428 4279 ¹
468 4249 511 4303 Ex
523 4248 626 4304 codice
641 4249 759 4321 Regest.
773 4248 816 4313 tr,
830 4247 881 4305 iol.
896 4246 1185 4317 48v·49r.-Cartas,
1201 4264 1232 4301 n.
1252 4244 1450 4302 CCCCXXlI.

422 4340 434 4372 ¹
471 4339 533 4393 Has
546 4338 687 4393 Gulielmi
699 4337 738 4391 de
751 4338 850 4403 Prata,
864 4337 995 4408 episcopi
1008 4336 1228 4405 claromontani,
1244 4336 1358 4391 litteras
1369 4336 1438 4391 huic
1447 4335 1606 4407 espistolae

368 4425 587 4496 subjungimus.
603 4426 666 4481 Illis
678 4444 749 4481 usus
762 4436 809 4482 est
823 4427 1005 4495 POLANCUS,
1023 4424 1146 4489 (iliram,
1162 4424 1216 4494 111,
1230 4436 1280 4494 295
1295 4433 1325 4479 et
1340 4425 1403 4495 296.

424 4517 436 4547 ⁸
472 4516 548 4571 Cum
562 4515 646 4571 multi
660 4517 691 4571 in
702 4516 800 4571 Gallia
808 4524 910 4571 contra
921 4515 1100 4569 Societatem
1116 4514 1357 4585 obloquerentur,
1374 4514 1533 4585 episcopus
1549 4514 1605 4569 cla·

368 4614 560 4661 romontanus
579 4606 725 4661 sociorum
742 4603 921 4661 conditionis
936 4604 1085 4673 misertus,
1099 4603 1289 4675 propensiore
1302 4620 1390 4675 quam
1404 4603 1485 4675 prius
1499 4602 1606 4657 affectu

369 4711 419 4751 res
431 4704 546 4749 nostras
559 4696 731 4767 complexus
742 4702 799 4764 est,
814 4693 901 4765 idque
916 4710 1005 4765 opere
1019 4692 1161 4751 ostendit.
