3567 5409
23 16 474 179 Ψ

497 513 602 570 Eam.
621 524 776 584 moa-24
794 512 970 569 Fosaoamr
995 523 1065 583 1554
1308 510 1361 581 355

231 665 438 733 Parlandoa
454 666 499 733 N.
519 668 560 733 P.
579 666 659 734 dell'
677 665 789 733 ordini
805 666 849 735 de
866 668 967 735 Mtro.
987 664 1178 735 Domenico
1195 666 1220 746 ⁸,
1240 686 1295 734 me
1306 664 1398 735 disse

160 782 227 849 che
242 792 370 868 poteuo
382 781 433 849 far
448 780 605 869 aspedire
620 804 691 851 una
705 780 960 869 supplicatione
976 800 1036 868 per
1052 780 1264 869 promouersi
1277 780 1326 847 lui
1340 802 1398 850 ex-

161 906 216 964 tra
231 906 400 983 tempora
414 917 471 963 ma
488 895 519 964 si
539 895 624 965 fossi
638 896 835 966 necessario
851 895 968 982 spedir
983 896 1102 977 breue,
1119 897 1272 963 chonon
1295 893 1323 965 si
1345 897 1397 964 fa-

159 1012 251 1083 ceoei
264 1033 371 1079 sanza
386 1011 561 1082 cheden
582 1011 715 1079 fossino
735 1012 888 1079 mandati
909 1011 1041 1094 danari,
1065 1033 1126 1098 per
1146 1030 1217 1079 non
1239 1011 1398 1079 introdur
1482 1008 1487 1017 ’

158 1140 284 1215 questa
295 1150 425 1199 usanza
435 1129 480 1197 de
492 1130 544 1197 sar
554 1128 656 1196 simili
668 1150 768 1217 spese
780 1140 904 1215 questa
916 1149 996 1197 casa
1008 1148 1068 1217 per
1080 1128 1103 1195 li
1116 1129 1253 1217 collegi.
1267 1129 1397 1215 Quelli‚

161 1248 227 1315 che
242 1266 330 1313 sono
344 1245 498 1332 prasenti
516 1244 553 1312 in
573 1244 682 1328 curia,
706 1266 774 1313 con
796 1268 864 1314 una
884 1244 1134 1333 supplicatione
1155 1246 1228 1312 sola
1248 1266 1398 1333 possono

162 1360 391 1449 promouersi3
410 1381 466 1428 ma
481 1383 542 1448 per
557 1360 729 1429 liabsenti
740 1362 812 1429 sole
823 1380 919 1432 esser
931 1361 1128 1432 necessario
1141 1382 1188 1429 un
1200 1362 1319 1443 breue,
1334 1363 1399 1428 che

163 1478 297 1547 oostera
313 1478 359 1544 da
376 1497 397 1561 3
414 1477 523 1545 scudi.
541 1478 579 1544 Io
593 1479 669 1545 faro
684 1477 741 1545 dal
758 1477 828 1545 mio
843 1488 947 1544 canto
963 1476 1079 1562 quello
1094 1478 1161 1544 che
1178 1477 1292 1563 potro.

232 1594 334 1662 Circa
348 1594 507 1678 Goncalo
521 1604 557 1660 et
568 1594 712 1683 Jacobo‚
731 1593 779 1659 mi
794 1592 932 1662 rimetto
948 1615 967 1661 a
984 1592 1099 1679 quello
1111 1594 1176 1659 che
1188 1594 1226 1661 fu
1238 1592 1359 1660 scritto
1371 1594 1397 1669 ⁸,

165 1710 355 1779 solamente
370 1708 678 1797 aggiongeroche‚
696 1708 837 1795 quando
851 1708 877 1776 li
897 1708 1060 1778 mandari
1081 1708 1125 1775 V.
1149 1710 1191 1777 R.
1215 1730 1276 1794 per
1299 1709 1400 1776 Bolo·
1449 1778 1451 1785 ,

166 1846 249 1913 gna,
263 1825 379 1893 scriua
389 1825 422 1894 al
436 1824 548 1894 Padre
563 1824 799 1893 commissario
811 1846 832 1892 o
847 1825 881 1893 al
893 1824 1006 1894 Padre
1018 1823 1088 1891 don
1097 1826 1290 1893 Francesco
1309 1828 1320 1859 ²
1336 1826 1400 1894 che

168 1941 304 2009 uedano
318 1962 358 2008 se
373 1943 450 2009 sera
464 1939 591 2010 idoneo
605 1941 628 2007 l'
648 1962 719 2009 uno
734 1963 756 2008 o
771 1941 796 2007 l'
817 1941 906 2009 altro
926 1961 988 2027 per
1007 1940 1137 2009 seruire
1157 1939 1248 2010 nella
1267 1960 1333 2007 sua
1349 1940 1400 2007 in-

168 2054 414 2149 [dilspositiono
430 2056 462 2124 al
479 2058 591 2125 Padre
606 2056 852 2139 commissari03
869 2068 905 2124 et
922 2056 1126 2124 trouandolo
1143 2058 1223 2138 tale,
1247 2056 1282 2123 lo
1302 2056 1400 2145 potri

169 2194 286 2241 menar
301 2194 322 2239 a
339 2174 463 2240 Parma
478 2183 492 2213 ⁸
507 2172 531 2239 il
546 2173 644 2240 detto
662 2173 773 2240 Padre
794 2172 1041 2241 commissario.
1068 2172 1132 2240 Lui
1159 2174 1251 2242 deue
1273 2173 1399 2239 andare

169 2309 229 2375 per
244 2311 307 2357 sua
323 2288 472 2357 malatia.
492 2289 644 2375 Quando
659 2310 728 2357 non
743 2288 768 2354 li
783 2288 930 2375 piaccia,
949 2289 972 2355 li
988 2286 1131 2357 lascierai
1149 2308 1267 2376 passar
1287 2310 1308 2356 a
1325 2290 1402 2356 Mo-

170 2404 258 2473 dena
274 2426 297 2473 o
313 2404 464 2473 Vinetia.

237 2520 308 2607 Qui
329 2541 370 2588 ce
391 2522 508 2589 hanno
528 2522 610 2588 dato
630 2542 700 2588 una
721 2519 844 2591 lettera
863 2540 925 2607 per
946 2521 991 2588 V.
1015 2521 1073 2601 R.,
1096 2519 1197 2607 quale
1217 2540 1300 2606 pare
1315 2518 1404 2588 assai

171 2636 314 2704 vocchia
330 2635 358 2718 l,
376 2658 415 2706 se
430 2636 462 2704 la
477 2638 573 2704 datta
589 2636 608 2704 ὲ
624 2656 718 2704 uera.

237 2752 304 2820 Noi
318 2752 444 2820 stiamo
460 2752 548 2835 sani,
566 2764 602 2823 et
617 2752 650 2819 ci
664 2751 964 2820 raceomandiamo
986 2751 1042 2821 all’
1065 2750 1211 2819 orationi
1233 2752 1269 2818 di
1290 2753 1335 2820 V.
1360 2752 1402 2819 R.

174 2879 207 2933 et
223 2867 302 2935 tutti
317 2866 425 2935 nostri
440 2867 633 2936 charissimi
650 2868 785 2937 fratelli.
805 2867 863 2937 Sia
879 2888 947 2935 con
964 2866 1044 2935 tutti
1056 2867 1114 2935 noi
1122 2869 1206 2957 Jesii
1220 2868 1285 2940 X.⁰
1302 2868 1339 2937 S.
1357 2868 1403 2935 N.

236 2985 290 3052 De
306 2985 415 3052 Roma
431 3002 475 3067 24
490 2982 525 3049 di
542 2982 688 3051 Febraio
708 2999 804 3069 1554.

238 3100 435 3185 inscriptio.
455 3100 488 3167 A
504 3098 681 3170 Fiorenza.
697 3098 742 3167 ΑΙ
755 3102 795 3168 Ρ.
809 3099 998 3169 Lodouico.

746 3264 840 3345 4192

408 3376 550 3445 PATRI
572 3378 832 3447 EVERARDO
857 3377 1173 3447 MERCURIANO

568 3495 657 3541 non
671 3496 705 3552 ²4
716 3495 890 3541 snorum
903 3494 973 3553 1554
985 3486 1005 3542 ¹.

175 3608 220 3667 De
232 3609 386 3683 opinione,
395 3626 490 3681 quam
494 3610 637 3681 perusini
646 3608 755 3665 labent
764 3610 801 3665 do
812 3609 972 3665 Sociatmo
980 3608 1183 3665 scholis-De
1190 3610 1335 3681 perusino
1344 3624 1409 3663 cor·

225 3698 375 3756 dinali.-
379 3697 538 3767 Quomodo
551 3696 740 3769 refellendus
752 3698 792 3753 sit
805 3697 932 3770 quidam
943 3713 1050 3753 rumor
1058 3701 1114 3752 aut
1126 3714 1224 3753 sermo
1234 3702 1343 3752 contra
1356 3696 1410 3753 So·

226 3788 364 3843 desuem
377 3786 636 3857 spernes-Socii
649 3787 774 3841 romani
785 3786 856 3841 bene
869 3785 983 3841 valant.

736 3910 840 4053 jhiis.

243 4100 315 4166 Pax
332 4096 395 4166 X.¹

242 4212 478 4282 Riceuessimo
493 4213 608 4299 quella
623 4211 659 4279 di
680 4213 718 4281 18
735 4214 779 4279 de
795 4214 839 4283 V.
859 4213 917 4293 R„
932 4222 966 4281 et
982 4233 1042 4299 per
1055 4232 1117 4280 sua
1129 4210 1352 4281 commisione
1367 4212 1411 4282 de

41 4393 43 4421 l
228 4391 242 4419 ι
278 4374 449 4431 Palmams.
491 4376 543 4418 -b
562 4372 667 4428 uscha.

227 4525 238 4559 ⁸
275 4520 451 4577 Dominicus
465 4516 687 4589 Lothatingius.
890 4519 901 4552 ⁶
942 4516 1074 4573 Laudata
1085 4518 1303 4591 epistola4169.
1372 4492 1380 4521 ⁸

44 4613 45 4667 l
228 4614 239 4647 ¹
277 4611 409 4682 Joannea
421 4611 488 4665 Bta.
504 4608 591 4664 Viola
604 4616 637 4664 et
650 4606 826 4664 Franciscus
839 4606 984 4667 Palmlus.

230 4746 239 4783 ¹
277 4746 322 4801 Ex
334 4744 438 4803 codice
452 4744 572 4819 Regesl.
586 4744 629 4810 ΙΙ,
642 4742 693 4801 iol.
709 4756 775 4814 57v.
