3567 5409
397 496 467 553 ·4²2
792 484 1001 541 Mouuunurn
1022 484 1196 539 lanariam

378 636 486 724 digne
502 636 554 704 oir
570 638 697 723 alguna
714 636 932 703 informatidn
949 658 1017 721 que
1028 636 1074 705 de
1086 647 1225 705 nuestra
1237 646 1335 723 parte
1346 634 1379 705 le
1390 640 1470 726 sera
1483 632 1575 699 dada
1586 633 1613 709 ³,

378 774 401 839 y
419 773 568 838 proueer
582 772 681 819 como
698 752 837 819 sintiere
852 774 910 821 ser
925 759 946 819 a
962 774 1080 839 mayor
1100 752 1210 839 gloria
1229 750 1359 834 diuina,
1383 750 1615 820 teniendonos

379 868 515 935 atodos
530 889 593 954 por
609 888 689 934 cosa
706 890 789 953 muy
804 890 903 953 suya,
922 889 1020 934 como
1036 868 1070 934 lo
1085 888 1202 935 somos
1218 890 1262 936 en
1281 867 1315 935 el
1335 868 1447 957 Senot
1467 878 1615 933 nuestro

380 984 425 1052 de
441 986 484 1051 V.
501 986 566 1066 M„
579 1008 601 1070 y
617 985 662 1053 de
677 985 710 1051 la
725 985 780 1053 del
796 1004 857 1069 rey
869 985 912 1051 de
928 984 1118 1071 lnglaterra
1135 982 1393 1069 ‘yserenlsima
1410 980 1575 1068 pn‘ncesa
1587 980 1614 1061 ⁴,

380 1120 441 1167 sus
455 1101 556 1184 hijos,
574 1124 597 1187 y
612 1102 668 1167 del
685 1122 744 1186 rey
760 1103 804 1168 de
820 1121 979 1167 romanos
995 1103 1007 1133 ³
1023 1122 1046 1185 y
1062 1122 1168 1185 reyna
1183 1102 1227 1168 de
1241 1099 1405 1185 Portugal
1417 1099 1443 1179 ⁸,
1457 1120 1521 1172 sus
1535 1100 1614 1165 her·

382 1236 514 1296 manos,
529 1238 575 1283 no
590 1218 778 1285 solamente
794 1238 893 1283 como
910 1217 1055 1283 vasallos
1071 1237 1139 1300 que
1154 1237 1267 1282 somus
1280 1237 1342 1302 por
1353 1216 1386 1281 la
1398 1235 1522 1301 mayor
1533 1234 1609 1300 par-

381 1345 428 1413 te,
442 1333 624 1419 yalgunos
636 1333 679 1402 de
691 1353 789 1399 casas
801 1332 985 1399 conoeides
997 1333 1040 1398 de
1053 1333 1097 1397 V.
1114 1334 1160 1399 M.
1179 1334 1202 1412 ²,
1219 1352 1301 1417 pero
1312 1352 1412 1403 corno
1428 1352 1511 1417 muy
1525 1328 1616 1395 obli-

380 1450 490 1535 gados
502 1454 522 1513 a
535 1449 568 1514 la
579 1448 805 1517 beneficentia
818 1472 841 1535 y
852 1449 1017 1515 voluntad
1030 1469 1097 1533 que
1109 1468 1191 1533 para
1203 1448 1360 1515 leuanlar
1372 1458 1446 1523 esta
1465 1448 1616 1531 Compa-

380 1570 437 1632 nla
449 1587 491 1632 en
505 1586 564 1631 sus
576 1563 762 1651 principios
773 1567 824 1633 les
835 1568 879 1631 ha
889 1565 979 1633 dado
992 1564 1076 1633 Dios
1090 1565 1133 1631 N.
1150 1564 1187 1633 S.
1203 1586 1225 1650 y
1238 1575 1358 1631 auctor
1368 1565 1411 1630 de
1422 1563 1504 1643 todu
1513 1560 1612 1629 bien.

448 1682 479 1748 A
497 1680 601 1764 quien
618 1682 720 1767 plega
735 1682 892 1747 damosa
906 1682 1005 1747 todos
1018 1703 1059 1748 su
1072 1680 1190 1768 gracia
1202 1678 1375 1766 cumplida
1388 1700 1469 1765 para
1491 1699 1560 1765 que
1572 1698 1614 1744 su

381 1796 555 1863 santlsima
564 1798 728 1863 voluntad
737 1797 883 1883 siempre
895 1798 1060 1865 sintamos
1070 1820 1092 1883 y
1102 1807 1337 1865 enteramenle
1345 1797 1378 1862 la
1386 1796 1612 1882 cumplamoe.

449 1913 502 1978 De
519 1913 629 1979 Roma
646 1932 666 1996 3
681 1912 725 1980 de
742 1916 858 1981 Marzo
875 1928 971 1997 1554.

448 2030 479 2093 Α
497 2034 605 2113 tergo,
622 2028 740 2093 eadem
756 2050 878 2097 manu.
896 2029 1005 2114 Copia
1020 2029 1064 2096 de
1080 2020 1147 2095 una
1160 2029 1245 2096 letra
1258 2049 1339 2113 para
1351 2028 1382 2094 el
1396 2028 1610 2113 emperador‚

382 2165 452 2228 que
469 2165 513 2209 no
529 2165 568 2211 se
585 2144 629 2209 ha
645 2144 806 2231 ynbiado.

702 2431 841 2498 PATRI
864 2308 1090 2499 AllgldldlzlE
1113 2432 1295 2500 OVlEDO

803 2560 891 2603 noua
910 2568 927 2616 4
946 2560 1056 2603 uanru
1077 2559 1146 2618 1554
1170 2552 1189 2603 ¹.

381 2678 425 2733 De
439 2678 599 2735 Francisco
610 2682 879 2739 Alexandra-De
895 2680 1149 2742 &sirtarim-Da
1160 2700 1263 2738 surore
1277 2680 1396 2755 Angela
1405 2683 1481 2754 quid
1489 2680 1607 2735 tandem

523 2775 698 2858 repponeum
706 2770 810 2843 fuerit
821 2771 1054 2827 declama-De
1072 2788 1167 2827 rixare
1180 2772 1326 2845 magistri
1339 2770 1469 2831 Nicolai.

452 2905 523 2971 Pax
541 2903 597 2972 X}

449 3021 683 3089 Riceuessimo
699 3024 812 3107 quelle
827 3024 870 3089 de
884 3041 927 3105 24
942 3025 986 3092 de
1002 3026 1046 3091 V.
1067 3026 1107 3091 R.
1133 3026 1175 3091 Et
1197 3026 1289 3091 circa
1308 3024 1330 3089 il
1353 3024 1487 3091 fratello
1508 3026 1535 3090 F
1537 3045 1607 3089 ran·

382 3138 510 3204 cesco'
529 3138 574 3203 mi
590 3137 725 3204 rimetto
741 3160 759 3203 a
776 3140 891 3223 quello
906 3141 952 3205 ho
968 3139 1089 3207 scritto
1107 3140 1128 3205 l'
1148 3142 1233 3207 altra
1249 3140 1444 3209 settimana.

436 3320 446 3349 ²
485 3315 544 3387 agi
558 3317 762 3372 existimamus
775 3317 812 3372 de
826 3317 976 3373 Societate
990 3319 1020 3373 in
1034 3318 1057 3373 F
1060 3317 1200 3373 landriam
1214 3320 1290 3373 buna
1303 3335 1370 3374 cum
1381 3318 1469 3374 venia
1479 3316 1608 3374 Carolill

385 3412 416 3460 et
429 3405 549 3473 Mariae,
563 3406 780 3476 gubernatricis
795 3406 816 3461 F
820 3406 958 3477 landriae‚
975 3407 1151 3479 inducenda,
1166 3418 1253 3481 atque
1267 3408 1308 3465 ita
1321 3406 1498 3479 inducenda,
1514 3416 1545 3462 ut
1554 3407 1607 3462 col·

384 3495 462 3565 legia
477 3494 599 3549 Lovanii
614 3505 735 3566 possent
752 3496 867 3551 institui
881 3496 1043 3568 eademque
1058 3496 1175 3551 stabilia
1189 3498 1265 3553 bona
1280 3496 1442 3568 possidere;
1456 3496 1495 3551 de
1511 3512 1608 3569 quare

384 3582 493 3638 frustra
505 3585 656 3657 hucusque
670 3586 832 3639 laboratum
847 3596 904 3657 θεῖς
919 3602 985 3656 nec,
1006 3586 1124 3641 vivente
1139 3587 1263 3657 lgnatio‚
1277 3584 1434 3658 quidquam
1448 3587 1608 3641 obtentum.

439 3674 450 3705 ³
488 3672 654 3745 Philippus,
667 3690 719 3728 rex
733 3674 859 3745 Angliae
872 3677 912 3729 ob
925 3676 1042 3747 nuptias
1054 3692 1122 3730 cum
1136 3676 1238 3748 Maria,
1251 3675 1330 3731 illius
1343 3675 1427 3746 regni
1439 3675 1550 3745 regina,
1560 3690 1609 3729 nu·

386 3780 438 3834 per
452 3762 633 3835 conciliatam
648 3780 699 3819 eas
713 3763 890 3821 veronens
904 3764 996 3821 fuisse
1011 3779 1045 3835 25
1058 3764 1130 3837 Julii
1147 3778 1157 3819 ι
1162 3777 1215 3835 554
1227 3764 1346 3820 aliunde
1359 3771 1486 3820 constat.

439 3854 451 3886 ⁴
488 3854 613 3923 Joanna,
628 3852 788 3925 Hispaniae
801 3854 1007 3925 gubernatrix,
1021 3872 1145 3928 quacum
1162 3854 1272 3910 laudari
1285 3854 1374 3910 etiam
1394 3854 1498 3909 merilo
1514 3862 1610 3925 posset

379 3942 511 4012 Joannue
525 3958 615 4011 soror,
631 3943 730 4014 Maria,
747 3944 937 4000 Maximillam
953 3960 1035 4003 uxor.

436 4033 447 4066 ⁵
485 4031 685 4088 Ferdinandus
697 4033 721 4091 1.

436 4124 448 4155 ⁸
485 4120 644 4177 Catharina
657 4122 824 4188 Ananiam,
833 4122 956 4194 Joannis
970 4120 1010 4176 lll
1024 4140 1107 4178 uxor.

436 4210 446 4239 ¹
485 4211 602 4266 Allusio
614 4212 679 4266 aine
693 4211 783 4267 dubio
794 4211 832 4267 ad
846 4212 1035 4267 Franciscum
1049 4213 1186 4285 Borgiam
1205 4221 1235 4268 et
1254 4212 1414 4268 Antonium
1434 4211 1610 4277 Cordubam,

383 4318 459 4372 quos
472 4301 535 4373 ipse
549 4300 672 4357 Carolus
684 4302 712 4354 V
724 4303 802 4358 inter
811 4310 986 4374 purpuratos
997 4302 1144 4375 principes
1154 4301 1335 4373 adlegendae
1345 4312 1514 4370 censuerat,
1526 4303 1611 4358 immo

386 4394 558 4462 postularat.

437 4536 445 4567 ¹
485 4536 528 4589 Ex
538 4536 642 4591 codice
657 4538 775 4609 Regast.
791 4536 832 4602 n,
847 4535 898 4595 fol.
912 4536 976 4593 66r.

436 4630 447 4660 ¹
485 4626 660 4681 Franciscus
678 4626 857 4683 Alexander.
877 4626 954 4682 Vide
974 4627 1128 4698 epistolam
1148 4638 1231 4694 4202,
1251 4625 1302 4681 ubi
1320 4626 1410 4680 etiam
1429 4624 1467 4680 de
1487 4624 1611 4696 negotiis

382 4714 488 4785 agitur,
503 4732 580 4788 quae
593 4714 622 4770 in
642 4718 696 4771 hac
709 4717 772 4787 ipaa
786 4717 912 4787 epistola
924 4716 1011 4787 paulo
1024 4726 1090 4788 post
1103 4716 1301 4773 continentur.
