3567 5409
448 477 523 549 ³56.
549 536 553 543 ,
822 479 1030 535 Mosuusnrs
1055 478 1233 534 lensi-rsus

414 643 532 698 nostro
548 631 683 699 fratello
700 630 859 697 Emundo
875 631 900 695 ³.
921 630 964 696 Et
980 630 1192 715 quantoalla
1212 628 1372 717 opinione
1388 629 1489 695 bassa
1503 626 1592 695 circa
1606 629 1634 695 le

413 748 535 815 lettere
556 748 623 813 che
645 757 797 832 tengano
820 745 844 810 li
864 745 1027 832 perugini
1047 745 1093 811 de
1113 756 1231 813 nostro
1252 744 1411 831 collegio,
1442 744 1527 810 oltra
1553 742 1635 811 della
1741 782 1746 793 ·

413 860 622 948 esperienza,
641 860 853 948 giouarebbe
871 861 923 927 far
939 858 1162 947 pronuntiare
1179 860 1235 927 alli
1248 858 1394 927 scholari
1418 856 1564 926 orationi
1580 860 1635 925 lat-

414 979 486 1044 tine
496 977 763 1065 publieamente3
778 986 814 1043 et
826 976 902 1043 farli
915 987 929 1015 ¹
944 988 1162 1063 representar
1172 974 1301 1062 dialogi
1317 974 1353 1041 in
1369 974 1474 1057 uersi,
1489 973 1523 1041 di
1540 972 1636 1059 quelli

412 1094 469 1165 del
487 1097 527 1161 Ρ.
547 1097 649 1163 Mtro.
669 1094 809 1160 Andrea
826 1094 852 1176 ³,
870 1113 968 1159 corne
985 1094 1118 1159 usiamo
1132 1112 1200 1177 qua
1216 1092 1252 1158 in
1269 1093 1389 1173 Roma,
1406 1088 1452 1181 [ο]
1470 1090 1582 1158 simili.

480 1210 622 1296 Quanto
636 1210 670 1275 al
685 1208 836 1277 cardinal
852 1209 878 1290 ⁴,
897 1230 969 1275 non
984 1208 1015 1275 si
1031 1207 1213 1275 mancherai
1226 1207 1260 1274 di
1273 1207 1487 1275 arricordarli
1503 1206 1524 1274 l’
1540 1227 1635 1295 opere

412 1327 480 1413 pie,
498 1326 555 1392 alli
571 1324 663 1410 quali
679 1346 760 1411 pare
775 1326 921 1394 sarebbe
942 1324 1107 1392 inclinato
1127 1322 1234 1403 assai,
1252 1344 1290 1391 se
1311 1322 1457 1391 trouassi
1479 1323 1588 1402 molti,
1604 1322 1636 1388 di

412 1442 517 1528 quelli
537 1461 604 1507 eon
624 1440 680 1509 chi
703 1460 888 1521 conuersa,
914 1442 980 1511 che
1007 1442 1041 1507 lo
1069 1438 1265 1508 rnouessino
1288 1460 1308 1507 a
1331 1440 1445 1525 quelle
1471 1440 1578 1507 uerbo
1603 1450 1635 1507 et

413 1558 582 1643 exemplo.

478 1674 504 1739 11
523 1673 622 1741 detto
643 1672 678 1739 di
699 1673 780 1757 quel
802 1672 906 1751 frate,
929 1672 973 1740 de
994 1692 1118 1758 provar
1141 1671 1203 1739 lab
1224 1670 1345 1739 castitd
1362 1670 1452 1740 delle
1467 1672 1580 1739 donne
1603 1682 1635 1737 et

411 1788 565 1857 huomini
581 1790 616 1856 in
633 1789 713 1873 quel
731 1788 832 1855 modo
848 1790 914 1857 che
929 1787 1043 1855 scriue
1061 1789 1104 1855 V.
1125 1790 1181 1869 R.‚
1200 1787 1229 1855 si
1247 1789 1350 1855 funda
1365 1787 1401 1853 in
1417 1808 1561 1875 pensare
1575 1789 1634 1854 che

411 1904 443 1971 la
459 1904 676 1991 Compagnia
688 1916 806 1970 nostra
817 1903 868 1973 sia
883 1903 919 1970 di
935 1904 1041 1989 quelli
1057 1903 1173 1991 pretti,
1188 1905 1255 1971 che
1270 1902 1450 1971 chiamano
1465 1901 1589 1989 paulini
1601 1900 1634 1967 in

412 2019 554 2101 Milano,
573 2018 666 2105 quali
682 2019 807 2086 turono
827 2018 994 2087 schaeiati
1018 2019 1053 2085 di
1074 2019 1238 2101 Venetia,
1257 2032 1292 2089 et
1308 2018 1364 2106 poi
1381 2020 1403 2084 l'
1421 2016 1634 2104 inquisitione

410 2133 434 2201 li
455 2136 498 2203 ha
518 2134 685 2201 risormati
706 2134 742 2199 in
763 2134 878 2201 alcuni
898 2135 1011 2205 abusi.
1034 2134 1079 2203 Di
1100 2136 1174 2203 loro
1195 2134 1225 2203 si
1245 2134 1321 2203 dice
1345 2135 1451 2221 quell'
1472 2144 1559 2213 atto,
1582 2134 1633 2201 del

409 2252 490 2336 qual
512 2250 625 2317 scriue
645 2252 689 2319 V.
713 2251 771 2327 R.;
796 2261 832 2318 et
853 2251 887 2316 la
910 2250 1056 2337 risposta
1081 2252 1099 2318 ὲ
1122 2250 1239 2333 facile,
1261 2250 1510 2337 distinguendo
1535 2248 1632 2334 quelli

410 2367 511 2452 pretti
526 2366 617 2433 dalla
632 2377 751 2434 nostra
765 2367 982 2453 Compagnia
999 2368 1023 2433 ⁸.

419 2481 425 2495 '
449 2506 457 2523 ·
475 2484 554 2549 Non
570 2484 617 2548 mi
632 2483 815 2551 estenderd
831 2482 865 2548 in
883 2482 985 2562 altr0‚
1004 2483 1347 2551 raecomandandomi
1363 2484 1470 2549 molto
1485 2482 1548 2548 alle
1558 2502 1623 2547 ora-

409 2598 493 2665 tioni
509 2598 544 2663 di
561 2600 605 2665 V.
625 2601 666 2665 R.

473 2714 540 2781 Noi
555 2714 680 2781 stiamo
695 2714 770 2781 sani
793 2716 883 2781 nella
900 2736 979 2783 casa
999 2726 1035 2783 et
1055 2714 1193 2802 collegi.
1216 2716 1281 2783 X.⁰
1298 2735 1339 2783 ce
1360 2714 1409 2782 sia
1431 2734 1512 2782 uera
1527 2714 1629 2780 salute

408 2841 443 2895 et
459 2829 540 2895 vita.
560 2832 685 2898 Amen.

472 2947 526 3014 De
542 2947 650 3012 Roma
667 2964 710 3028 24
725 2948 769 3012 de
784 2946 930 3013 Febraio
952 2963 1047 3033 1554.

471 3062 667 3147 Inscriptio.
687 3064 719 3129 A
738 3063 901 3149 Perugia.
921 3065 967 3131 Al
985 3066 1025 3130 P.
1045 3064 1221 3131 Aluerado
1234 3063 1321 3153 [sicl.

458 3254 471 3281 ι
507 3240 590 3294 fatali
604 3258 660 3294 ms.
700 3244 750 3283 —b
770 3243 798 3295 le
811 3258 870 3297 ms.

406 3347 591 3355 ——-—————-

457 3406 467 3433 ³
506 3400 855 3473 EdmundusAugerius.

456 3492 467 3520 ⁵
504 3490 640 3546 Andreas
653 3492 785 3550 Frusius.
800 3492 847 3546 De
864 3488 974 3547 scholis
988 3500 1099 3559 autem,
1110 3510 1182 3565 quas
1193 3492 1333 3548 Perusiae
1346 3493 1476 3549 habebat
1489 3491 1623 3555 Societas,

402 3593 491 3653 atque
502 3578 541 3633 de
553 3580 723 3636 earumdem
737 3581 958 3637 existimatione
972 3581 1050 3653 apud
1062 3582 1156 3652 cives,
1170 3582 1233 3654 agit
1246 3584 1428 3653 Pousucu8,
1442 3581 1563 3647 Chron„
1577 3578 1622 3644 IV,

406 3668 535 3737 148frso.

456 3762 467 3791 ⁴
503 3756 626 3812 Fuluius
639 3758 784 3829 Comeus,
799 3758 958 3814 cardinalis
971 3758 1137 3831 perusinus

455 3849 466 3878 ⁵
504 3847 591 3901 Anno
612 3858 677 3917 1551
698 3847 740 3919 pii
759 3847 946 3903 «sacerdotes
964 3847 1216 3920 mediolanenses,
1229 3850 1280 3921 qui
1298 3850 1399 3905 Sancti
1417 3849 1565 3904 Barnabae
1580 3842 1622 3897 di·

400 3943 519 4005 cuntur,
532 3952 570 3989 ex
583 3943 646 4014 toto
659 3936 790 3991 dominio
803 3938 918 3993 Veneto
930 3937 1049 4010 publico
1063 3937 1161 3993 edicto
1173 3938 1256 3993 exire
1264 3938 1340 4010 jussi
1351 3938 1495 3996 fuerant».
1511 3938 1621 3992 Poris·

401 4036 470 4085 cus,
489 4024 614 4089 Chron„
629 4025 665 4091 11,
680 4024 743 4083 208.
758 4026 880 4080 Romam
895 4044 962 4081 curn
977 4028 1075 4081 vocati
1088 4026 1177 4099 aliqui
1191 4044 1229 4082 ex
1243 4026 1301 4083 illis
1315 4036 1425 4098 essent,
1441 4044 1493 4084 eos
1506 4028 1621 4085 ustudio·

401 4131 434 4171 se
444 4113 549 4185 juvare
567 4112 647 4169 idem
666 4115 699 4172 P.
719 4114 853 4185 ignatius
866 4115 998 4186 curavit,
1012 4123 1075 4174 et...
1097 4117 1158 4171 suis
1176 4117 1283 4171 litteris
1301 4116 1495 4189 diligenter...
1515 4118 1621 4189 negotia

400 4203 614 4275 praedictorum
629 4204 748 4259 Patrum
761 4204 1000 4259 commendavit»
1024 4206 1206 4271 Pomanus,
1227 4204 1353 4277 Chron„
1376 4206 1416 4278 11,
1435 4222 1500 4284 4293
1519 4206 1622 4281 quade

400 4308 489 4347 causa
502 4293 627 4363 litteras,
640 4294 752 4363 gratias
765 4294 881 4364 &natio
893 4302 1030 4364 agentes,
1045 4310 1147 4350 eorum
1160 4296 1309 4365 generalis
1323 4296 1490 4353 moderator
1503 4296 1621 4369 scripsit,

403 4380 498 4451 Epist.
514 4382 638 4447 Mixtus,
654 4384 693 4453 11,
707 4384 770 4454 667,
783 4384 848 4453 691.
862 4384 1022 4439 Caeterum
1035 4383 1073 4439 de
1088 4384 1201 4439 eisdem
1214 4384 1363 4455 religiosis
1377 4384 1449 4441 viris
1462 4386 1555 4442 videri
1567 4395 1623 4459 pot·

400 4479 447 4526 est
459 4472 497 4526 ad
509 4490 618 4528 annum
639 4472 708 4541 1533
724 4472 933 4543 SuouusrtUS,
957 4474 1129 4527 Annalium
1151 4474 1451 4534 ecclesiasticorum...
1474 4478 1624 4533 continuo·

400 4562 578 4632 si0,111,57.
