3567 5409
30 15 1011 151 τ’

1099 536 1307 591 ΕΡιετ.
1348 533 1649 603 4321.-31
1697 528 1927 589 Manui
1970 547 2107 605 1554
2661 549 2763 603 545

516 689 634 758 Sia
668 690 1198 756 raccomandato
1232 711 1269 754 a
1304 690 1391 755 V.
1434 690 1547 768 R„
1586 711 1713 774 pur
1748 710 1878 754 con
1912 709 2036 755 sua
2068 689 2436 769 comodita,
2475 690 2521 755 il
2556 699 2835 776 nege-«nn

377 806 492 871 del
526 807 795 872 fratello
814 809 930 894 Jo.
969 808 1057 874 de
1088 806 1295 871 Alba.

519 922 927 1006 Inscriptio„
968 922 1259 987 Venetia
1291 944 1331 988 a
1365 924 1568 989 Mtr0.
1606 922 1888 989 Cesare.

904 1328 915 1338 ι
973 1236 1252 1301 PATRI
1300 1111 1832 1303 ΡΗΑΝἛΞΟΟ
1886 1236 2243 1302 PALMIO

1127 1362 1331 1405 nom
1380 1347 1453 1404 31
1506 1362 1769 1405 uam-11
1827 1362 1989 1419 1554
2042 1352 2090 1406 ⁸.

1239 1475 1323 1530 De
1350 1479 1572 1531 tessera
1599 1475 1984 1547 collybistica.

514 1619 987 1687 Riceuessimo
1018 1620 1245 1703 quelle
1287 1620 1398 1686 del
1444 1621 1671 1687 Padre
1712 1621 2182 1687 commissario
2207 1623 2228 1655 ¹
2267 1622 2353 1688 de
2387 1640 2471 1704 24
2505 1633 2574 1689 et
2614 1640 2690 1703 17
2727 1625 2831 1689 del

377 1746 698 1822 presente
722 1756 852 1800 con
881 1736 1106 1820 quella
1133 1756 1255 1820 per
1280 1734 1721 1820 monsignore
1744 1736 1859 1804 del
1875 1736 2115 1822 Giglio
2134 1747 2162 1778 ⁸
2182 1738 2234 1816 ⁸,
2251 1738 2453 1822 quale
2479 1736 2524 1801 li
2554 1738 2625 1801 fu
2651 1738 2835 1805 dani.

380 1853 689 1938 parendo
721 1851 925 1918 stessi
957 1854 1159 1917 bene.

514 1966 980 2034 Riceuessirno
1021 1966 1228 2035 etiam
1273 1968 1337 2034 la
1391 1968 1634 2035 lettera
1674 1969 1760 2033 de
1794 1969 2053 2034 credito
2101 1990 2220 2054 per
2268 1968 2573 2036 riceuere
2622 1973 2835 2053 quem

390 2102 513 2168 103
562 2096 661 2163 ῦς
705 2097 774 2149 et
816 2104 955 2149 non
997 2084 1299 2169 potendo
1341 2081 1387 2147 il
1429 2074 1767 2151 mercordi
1813 2086 2028 2152 bauer
2070 2084 2311 2153 lettera
2353 2084 2511 2151 delli
2556 2084 2839 2170 Oligiati

380 2200 575 2266 accio
602 2197 867 2266 fussino
892 2198 1064 2264 datti
1091 2198 1160 2264 in
1195 2198 1417 2265 drieto
1450 2200 1495 2264 li
1532 2219 1615 2283 30
1659 2216 1720 2271 v
1742 2251 1757 2280 ‚
1793 2200 1976 2283 quali
2003 2203 2274 2268 haueua
2308 2200 2546 2266 scritto
2576 2222 2651 2267 se
2683 2201 2839 2269 (1¹35-

384 2315 537 2381 sino
571 2337 611 2381 a
642 2336 771 2381 suo
804 2313 1030 2400 piacet
1083 2316 1150 2381 al
1196 2317 1273 2380 Ρ.
1337 2317 1456 2381 Dr.
1519 2316 1767 2395 Olane,
1804 2316 1842 2382 ὲ
1885 2336 2085 2401 parso
2117 2316 2228 2401 poi
2278 2337 2418 2381 non
2479 2316 2835 2382 mandarli.

385 2432 790 2517 aspettando
823 2430 1015 2498 auiso
1039 2431 1218 2499 della
1250 2433 1327 2498 R.
1361 2432 1480 2512 V„
1509 2453 1584 2500 se
1619 2435 1800 2497 forsa
1827 2434 1872 2496 1'
1902 2432 2171 2498 hauessi
2207 2430 2473 2517 pigliati
2505 2453 2544 2497 a
2571 2433 2843 2497 cambi..

386 2569 586 2632 sopra
620 2547 690 2612 di
722 2568 856 2626 me,
886 2565 954 2616 et
987 2547 1054 2613 io
1084 2547 1131 2611 li
1158 2558 1368 2632 tengo
1404 2548 1471 2612 in
1505 2547 1743 2613 ordine
1777 2570 1896 2633 per
1924 2548 2184 2634 pagan-li
2209 2547 2439 2613 subito
2471 2550 2599 2613 che
2633 2549 2697 2613 le
2723 2549 2843 2609 het-

388 2672 532 2731 tere
567 2663 657 2728 mi
713 2684 959 2730 sarano
989 2665 1206 2730 datte.
1253 2665 1344 2730 Se
1389 2685 1516 2748 pur
1560 2666 1733 2729 altro
1773 2663 1971 2730 auiso
2014 2666 2298 2743 hauerb,
2348 2664 2687 2730 mercordi
2731 2685 2843 2749 per

383 2780 452 2845 la
482 2791 677 2864 posta
714 2781 1038 2847 mandero
1073 2779 1296 2865 poliza
1328 2780 1415 2847 de
1448 2780 1739 2864 qualche
1782 2781 2242 2859 mercadante,
2288 2781 2352 2846 al
2393 2780 2553 2864 qual
2601 2781 2767 2846 dart}
2807 2781 2843 2841 li

387 2915 473 2979 30
515 2911 578 2965 V
625 2895 692 2961 in
730 2897 970 2974 Roma,
1006 2895 1198 2963 accio
1233 2895 1277 2960 li
1313 2895 1616 2981 paghino
1657 2895 1727 2959 in
1765 2897 2103 2980 Bologna.
2147 2898 2201 2961 E
2241 2908 2423 2962 stato
2464 2906 2711 2981 questo
2763 2921 2843 2957 nn

384 3011 574 3076 buon
618 3032 961 3077 soccorso.
1018 3011 1150 3077 Dio
1193 3013 1276 3076 N.
1322 3012 1399 3079 S.
1450 3013 1515 3076 lo
1558 3011 1765 3077 tenda
1810 3012 2432 3078 abondantemente
2465 3012 2532 3076 in
2569 3013 2727 3077 doni
2764 3017 2847 3077 ηιμ

387 3147 513 3191 sua
546 3126 767 3212 gratia
799 3138 867 3192 et
897 3126 1115 3213 gloria
1148 3150 1189 3193 a
1219 3126 1331 3193 chi
1365 3129 1410 3191 l’
1446 3130 1530 3192 ha
1568 3127 1759 3193 fatto.

524 3242 674 3307 Non
708 3244 938 3308 scriuo
979 3243 1042 3307 al
1093 3244 1308 3309 Padre
1342 3243 1810 3308 commissario
1845 3243 2101 3328 perche
2146 3242 2362 3309 saccio
2394 3255 2601 3308 conto
2642 3245 2771 3309 clu:¹
2815 3269 2847 3305 ,ι

392 3369 634 3441 questa
669 3359 842 3424 hora
868 3357 980 3444 gia
1018 3358 1053 3424 ὲ
1081 3357 1353 3444 partito.

520 3476 650 3541 Del
683 3475 1038 3541 sacerdote
1069 3486 1138 3540 et
1173 3476 1431 3541 lectore
1466 3474 1520 3538 si
1558 3474 1697 3539 fara
1729 3474 2117 3559 prouisione
2150 3485 2384 3559 presto
2417 3496 2545 3540 con
2584 3477 2630 3539 1³
2661 3481 2851 3541 aiut..

389 3587 459 3654 di
495 3590 651 3669 Dio;
689 3588 802 3655 cui
841 3588 1064 3674 gratia
1097 3590 1375 3656 abunde
1408 3610 1675 3672 sempre
1709 3591 1868 3655 nell'
1906 3589 2131 3654 anime
2171 3601 2426 3657 nostre.
2467 3595 2715 3657 Arnen.

529 3706 636 3773 De
669 3708 887 3771 Roma
923 3705 1162 3781 ultimo
1193 3704 1263 3769 di
1300 3707 1531 3771 Max-zo
1576 3722 1765 3788 1554.

524 3824 917 3906 Inscriptio,
958 3824 1020 3889 A
1061 3822 1401 3908 Bologna.
1432 3823 1586 3887 Don
1615 3822 1667 3886 F
1675 3842 2002 3887 rancesco
2046 3823 2326 3887 Palmio.

494 4061 522 4088 ⁸
596 4045 793 4115 ziglio
826 4063 941 4099 ms.

492 4251 505 4281 ⁸
591 4251 676 4303 Ex
702 4250 908 4304 codice
942 4250 1175 4321 Regest.
1209 4249 1290 4311 [1,
1321 4248 1422 4307 foi.
1452 4250 1583 4306 δον.

490 4344 511 4372 ’
593 4340 855 4409 Joannes
891 4339 1020 4395 ssta.
1055 4339 1244 4397 Viola.

496 4430 517 4460 ³
594 4427 851 4483 Thomas
873 4427 1080 4485 Lilius.

597 4766 612 4800 ·.
671 4762 718 4802 ,ι

602 4845 713 4889 Mon
731 4858 814 4889 uu.
848 4846 1271 4899 Ionan—Emer..
1302 4857 1425 4891 τοι.
1465 4844 1555 4889 VI.
2595 4846 2653 4889 85
