<?xml version="1.0" encoding="UTF-8"?>
<!DOCTYPE html PUBLIC "-//W3C//DTD XHTML 1.0 Transitional//EN"
    "http://www.w3.org/TR/xhtml1/DTD/xhtml1-transitional.dtd">
<html xmlns="http://www.w3.org/1999/xhtml" xml:lang="en" lang="en">
 <head>
  <title>
</title>
<meta http-equiv="Content-Type" content="text/html;charset=utf-8" />
  <meta name='ocr-system' content='tesseract 3.04.00' />
  <meta name='ocr-capabilities' content='ocr_page ocr_carea ocr_par ocr_line ocrx_word'/>
</head>
<body>
  <div class='ocr_page' id='page_1' title='image "./monumentaignati01ignagoog_0600.png"; bbox 0 0 3567 5409; ppageno 0'>
   <div class='ocr_carea' id='block_1_1' title="bbox 1458 8 1760 209">
    <p class='ocr_par' dir='ltr' id='par_1_1' title="bbox 1441 8 1775 238">
     <span class='ocr_line' id='line_1_1' title="bbox 1458 8 1760 209; baseline 0.093 -0.422"><span class='ocrx_word' id='word_1_1' title='bbox 1458 8 1760 209; x_wconf 70' lang='lat' dir='ltr'>&#39;l</span> 
     </span>
    </p>
   </div>
   <div class='ocr_carea' id='block_1_2' title="bbox 401 471 1188 541">
    <p class='ocr_par' dir='ltr' id='par_1_2' title="bbox 401 471 1188 541">
     <span class='ocr_line' id='line_1_2' title="bbox 401 471 1188 541; baseline -0.001 -15"><span class='ocrx_word' id='word_1_2' title='bbox 401 485 454 541; x_wconf 80' lang='lat'>594</span> <span class='ocrx_word' id='word_1_3' title='bbox 776 471 984 527; x_wconf 72' lang='lat' dir='ltr'>llonnnnrn</span> <span class='ocrx_word' id='word_1_4' title='bbox 1008 471 1188 526; x_wconf 72' lang='lat' dir='ltr'>lonnrrrnn</span> 
     </span>
    </p>
   </div>
   <div class='ocr_carea' id='block_1_3' title="bbox 349 622 1596 3145">
    <p class='ocr_par' dir='ltr' id='par_1_3' title="bbox 358 622 1596 1174">
     <span class='ocr_line' id='line_1_3' title="bbox 361 622 1595 710; baseline -0.002 -18"><span class='ocrx_word' id='word_1_5' title='bbox 361 625 446 692; x_wconf 91' lang='lat' dir='ltr'>lerio</span> <span class='ocrx_word' id='word_1_6' title='bbox 463 644 506 692; x_wconf 88' lang='lat' dir='ltr'>ua</span> <span class='ocrx_word' id='word_1_7' title='bbox 520 623 555 690; x_wconf 92' lang='lat' dir='ltr'>in</span> <span class='ocrx_word' id='word_1_8' title='bbox 573 626 741 710; x_wconf 70' lang='lat' dir='ltr'>Argenta·</span> <span class='ocrx_word' id='word_1_9' title='bbox 757 645 778 689; x_wconf 95' lang='lat' dir='ltr'>o</span> <span class='ocrx_word' id='word_1_10' title='bbox 796 644 881 691; x_wconf 86' lang='lat' dir='ltr'>uero</span> <span class='ocrx_word' id='word_1_11' title='bbox 897 626 963 690; x_wconf 88' lang='lat' dir='ltr'>che</span> <span class='ocrx_word' id='word_1_12' title='bbox 983 623 1121 692; x_wconf 91' lang='lat' dir='ltr'>Giouan</span> <span class='ocrx_word' id='word_1_13' title='bbox 1145 622 1284 691; x_wconf 84' lang='lat' dir='ltr'>Valerio</span> <span class='ocrx_word' id='word_1_14' title='bbox 1305 622 1443 691; x_wconf 87' lang='lat' dir='ltr'>restassi</span> <span class='ocrx_word' id='word_1_15' title='bbox 1462 623 1498 689; x_wconf 89' lang='lat' dir='ltr'>in</span> <span class='ocrx_word' id='word_1_16' title='bbox 1519 625 1595 691; x_wconf 84' lang='lat' dir='ltr'>Mo-</span> 
     </span>
     <span class='ocr_line' id='line_1_4' title="bbox 359 738 1596 826; baseline -0.001 -19"><span class='ocrx_word' id='word_1_17' title='bbox 359 742 461 822; x_wconf 86' lang='lat' dir='ltr'>dena‚</span> <span class='ocrx_word' id='word_1_18' title='bbox 479 751 515 808; x_wconf 89' lang='lat' dir='ltr'>et</span> <span class='ocrx_word' id='word_1_19' title='bbox 528 760 606 809; x_wconf 78' lang='lat' dir='ltr'>esso</span> <span class='ocrx_word' id='word_1_20' title='bbox 623 742 727 807; x_wconf 86' lang='lat' dir='ltr'>Mtro.</span> <span class='ocrx_word' id='word_1_21' title='bbox 750 740 945 806; x_wconf 85' lang='lat' dir='ltr'>Francesco</span> <span class='ocrx_word' id='word_1_22' title='bbox 966 738 1102 806; x_wconf 88' lang='lat' dir='ltr'>andassi</span> <span class='ocrx_word' id='word_1_23' title='bbox 1125 739 1161 806; x_wconf 92' lang='lat' dir='ltr'>in</span> <span class='ocrx_word' id='word_1_24' title='bbox 1183 741 1354 826; x_wconf 84' lang='lat' dir='ltr'>Argenta.</span> <span class='ocrx_word' id='word_1_25' title='bbox 1381 738 1596 806; x_wconf 84' lang='lat' dir='ltr'>Finalmente</span> 
     </span>
     <span class='ocr_line' id='line_1_5' title="bbox 360 855 1596 943; baseline 0 -19"><span class='ocrx_word' id='word_1_26' title='bbox 360 857 404 924; x_wconf 88' lang='lat' dir='ltr'>V.</span> <span class='ocrx_word' id='word_1_27' title='bbox 432 858 473 923; x_wconf 90' lang='lat' dir='ltr'>R.</span> <span class='ocrx_word' id='word_1_28' title='bbox 500 858 534 922; x_wconf 95' lang='lat' dir='ltr'>lo</span> <span class='ocrx_word' id='word_1_29' title='bbox 556 855 732 923; x_wconf 89' lang='lat' dir='ltr'>accomodi</span> <span class='ocrx_word' id='word_1_30' title='bbox 756 876 857 923; x_wconf 85' lang='lat' dir='ltr'>come</span> <span class='ocrx_word' id='word_1_31' title='bbox 877 856 1006 943; x_wconf 84' lang='lat' dir='ltr'>meglio</span> <span class='ocrx_word' id='word_1_32' title='bbox 1029 855 1053 922; x_wconf 92' lang='lat' dir='ltr'>li</span> <span class='ocrx_word' id='word_1_33' title='bbox 1075 857 1208 941; x_wconf 71' lang='lat' dir='ltr'>pareri,</span> <span class='ocrx_word' id='word_1_34' title='bbox 1231 855 1451 942; x_wconf 88' lang='lat' dir='ltr'>procedendo</span> <span class='ocrx_word' id='word_1_35' title='bbox 1471 874 1596 924; x_wconf 83' lang='lat' dir='ltr'>suane-</span> 
     </span>
     <span class='ocr_line' id='line_1_6' title="bbox 358 970 1596 1058; baseline -0.002 -19"><span class='ocrx_word' id='word_1_36' title='bbox 358 986 474 1040; x_wconf 89' lang='lat' dir='ltr'>mente</span> <span class='ocrx_word' id='word_1_37' title='bbox 497 994 563 1039; x_wconf 91' lang='lat' dir='ltr'>con</span> <span class='ocrx_word' id='word_1_38' title='bbox 588 971 681 1053; x_wconf 89' lang='lat' dir='ltr'>tutti,</span> <span class='ocrx_word' id='word_1_39' title='bbox 706 983 742 1038; x_wconf 90' lang='lat' dir='ltr'>et</span> <span class='ocrx_word' id='word_1_40' title='bbox 766 994 786 1037; x_wconf 88' lang='lat' dir='ltr'>a</span> <span class='ocrx_word' id='word_1_41' title='bbox 808 971 857 1037; x_wconf 90' lang='lat' dir='ltr'>lui</span> <span class='ocrx_word' id='word_1_42' title='bbox 881 972 910 1039; x_wconf 87' lang='lat' dir='ltr'>si</span> <span class='ocrx_word' id='word_1_43' title='bbox 934 972 1084 1039; x_wconf 75' lang='lat' dir='ltr'>scriueral</span> <span class='ocrx_word' id='word_1_44' title='bbox 1106 973 1172 1039; x_wconf 89' lang='lat' dir='ltr'>che</span> <span class='ocrx_word' id='word_1_45' title='bbox 1195 971 1305 1039; x_wconf 81' lang='lat' dir='ltr'>faccia</span> <span class='ocrx_word' id='word_1_46' title='bbox 1324 992 1422 1039; x_wconf 88' lang='lat' dir='ltr'>come</span> <span class='ocrx_word' id='word_1_47' title='bbox 1447 970 1496 1058; x_wconf 87' lang='lat' dir='ltr'>gli</span> <span class='ocrx_word' id='word_1_48' title='bbox 1516 972 1596 1038; x_wconf 77' lang='lat' dir='ltr'>sara</span> 
     </span>
     <span class='ocr_line' id='line_1_7' title="bbox 360 1085 685 1174; baseline -0.003 -20"><span class='ocrx_word' id='word_1_49' title='bbox 360 1085 483 1154; x_wconf 89' lang='lat' dir='ltr'>scritto</span> <span class='ocrx_word' id='word_1_50' title='bbox 500 1109 559 1174; x_wconf 91' lang='lat' dir='ltr'>per</span> <span class='ocrx_word' id='word_1_51' title='bbox 576 1089 620 1154; x_wconf 89' lang='lat' dir='ltr'>V.</span> <span class='ocrx_word' id='word_1_52' title='bbox 644 1088 685 1155; x_wconf 88' lang='lat' dir='ltr'>R.</span> 
     </span>
    </p>

    <p class='ocr_par' dir='ltr' id='par_1_4' title="bbox 354 1203 1596 1753">
     <span class='ocr_line' id='line_1_8' title="bbox 424 1203 1596 1291; baseline 0.003 -22"><span class='ocrx_word' id='word_1_53' title='bbox 424 1205 558 1290; x_wconf 79' lang='lat' dir='ltr'>Questo</span> <span class='ocrx_word' id='word_1_54' title='bbox 580 1203 696 1291; x_wconf 84' lang='lat' dir='ltr'>uoglio</span> <span class='ocrx_word' id='word_1_55' title='bbox 716 1204 783 1272; x_wconf 91' lang='lat' dir='ltr'>ben</span> <span class='ocrx_word' id='word_1_56' title='bbox 805 1203 989 1273; x_wconf 88' lang='lat' dir='ltr'>ricordare:</span> <span class='ocrx_word' id='word_1_57' title='bbox 1012 1206 1067 1270; x_wconf 85' lang='lat' dir='ltr'>ch&#39;</span> <span class='ocrx_word' id='word_1_58' title='bbox 1090 1204 1237 1272; x_wconf 84' lang='lat' dir='ltr'>essendo</span> <span class='ocrx_word' id='word_1_59' title='bbox 1258 1214 1384 1290; x_wconf 84' lang='lat' dir='ltr'>guasto</span> <span class='ocrx_word' id='word_1_60' title='bbox 1404 1203 1440 1269; x_wconf 94' lang='lat' dir='ltr'>di</span> <span class='ocrx_word' id='word_1_61' title='bbox 1461 1203 1596 1272; x_wconf 73' lang='lat' dir='ltr'>heresis</span> 
     </span>
     <span class='ocr_line' id='line_1_9' title="bbox 354 1318 1591 1407; baseline -0.001 -21"><span class='ocrx_word' id='word_1_62' title='bbox 354 1321 435 1407; x_wconf 87' lang='lat' dir='ltr'>quel</span> <span class='ocrx_word' id='word_1_63' title='bbox 451 1320 590 1406; x_wconf 90' lang='lat' dir='ltr'>populo,</span> <span class='ocrx_word' id='word_1_64' title='bbox 607 1318 697 1386; x_wconf 84' lang='lat' dir='ltr'>saria</span> <span class='ocrx_word' id='word_1_65' title='bbox 712 1320 905 1387; x_wconf 88' lang='lat' dir='ltr'>necessario</span> <span class='ocrx_word' id='word_1_66' title='bbox 921 1322 1045 1387; x_wconf 88' lang='lat' dir='ltr'>alcuna</span> <span class='ocrx_word' id='word_1_67' title='bbox 1061 1340 1208 1405; x_wconf 89' lang='lat' dir='ltr'>persona</span> <span class='ocrx_word' id='word_1_68' title='bbox 1225 1318 1514 1388; x_wconf 85' lang='lat' dir='ltr'>mediocremente</span> <span class='ocrx_word' id='word_1_69' title='bbox 1536 1319 1591 1385; x_wconf 90' lang='lat' dir='ltr'>in·</span> 
     </span>
     <span class='ocr_line' id='line_1_10' title="bbox 355 1434 1595 1522; baseline -0.003 -19"><span class='ocrx_word' id='word_1_70' title='bbox 355 1445 479 1503; x_wconf 85' lang='lat' dir='ltr'>struta.</span> <span class='ocrx_word' id='word_1_71' title='bbox 498 1436 546 1505; x_wconf 89' lang='lat' dir='ltr'>Se</span> <span class='ocrx_word' id='word_1_72' title='bbox 561 1458 630 1502; x_wconf 94' lang='lat' dir='ltr'>non</span> <span class='ocrx_word' id='word_1_73' title='bbox 646 1436 675 1503; x_wconf 90' lang='lat' dir='ltr'>si</span> <span class='ocrx_word' id='word_1_74' title='bbox 692 1439 802 1522; x_wconf 73' lang='lat' dir='ltr'>potra,</span> <span class='ocrx_word' id='word_1_75' title='bbox 821 1438 957 1504; x_wconf 88' lang='lat' dir='ltr'>almeno</span> <span class='ocrx_word' id='word_1_76' title='bbox 972 1437 996 1502; x_wconf 94' lang='lat' dir='ltr'>il</span> <span class='ocrx_word' id='word_1_77' title='bbox 1013 1449 1161 1505; x_wconf 86' lang='lat' dir='ltr'>maestro</span> <span class='ocrx_word' id='word_1_78' title='bbox 1178 1434 1199 1503; x_wconf 88' lang='lat' dir='ltr'>l&#39;</span> <span class='ocrx_word' id='word_1_79' title='bbox 1215 1436 1399 1522; x_wconf 68' lang='lat' dir='ltr'>insegnari</span> <span class='ocrx_word' id='word_1_80' title='bbox 1416 1438 1449 1503; x_wconf 90' lang='lat' dir='ltr'>la</span> <span class='ocrx_word' id='word_1_81' title='bbox 1468 1434 1595 1503; x_wconf 90' lang='lat' dir='ltr'>dottri-</span> 
     </span>
     <span class='ocr_line' id='line_1_11' title="bbox 355 1550 1596 1640; baseline 0.001 -21"><span class='ocrx_word' id='word_1_82' title='bbox 355 1574 400 1619; x_wconf 94' lang='lat' dir='ltr'>na</span> <span class='ocrx_word' id='word_1_83' title='bbox 415 1552 551 1637; x_wconf 81' lang='lat' dir='ltr'>rpiana.</span> <span class='ocrx_word' id='word_1_84' title='bbox 566 1563 601 1620; x_wconf 89' lang='lat' dir='ltr'>et</span> <span class='ocrx_word' id='word_1_85' title='bbox 617 1552 801 1634; x_wconf 89' lang='lat' dir='ltr'>catholica,</span> <span class='ocrx_word' id='word_1_86' title='bbox 819 1554 1107 1639; x_wconf 88' lang='lat' dir='ltr'>reprehendendo</span> <span class='ocrx_word' id='word_1_87' title='bbox 1123 1552 1158 1621; x_wconf 89' lang='lat' dir='ltr'>in</span> <span class='ocrx_word' id='word_1_88' title='bbox 1175 1573 1305 1640; x_wconf 84' lang='lat' dir='ltr'>genere</span> <span class='ocrx_word' id='word_1_89' title='bbox 1321 1563 1409 1619; x_wconf 85' lang='lat' dir='ltr'>tutte</span> <span class='ocrx_word' id='word_1_90' title='bbox 1424 1554 1459 1621; x_wconf 91' lang='lat' dir='ltr'>le</span> <span class='ocrx_word' id='word_1_91' title='bbox 1473 1550 1596 1620; x_wconf 74' lang='lat' dir='ltr'>nonita</span> 
     </span>
     <span class='ocr_line' id='line_1_12' title="bbox 354 1667 1278 1753; baseline 0.004 -20"><span class='ocrx_word' id='word_1_92' title='bbox 354 1667 389 1734; x_wconf 90' lang='lat' dir='ltr'>di</span> <span class='ocrx_word' id='word_1_93' title='bbox 403 1667 506 1753; x_wconf 86' lang='lat' dir='ltr'>quelli</span> <span class='ocrx_word' id='word_1_94' title='bbox 524 1671 589 1737; x_wconf 91' lang='lat' dir='ltr'>che</span> <span class='ocrx_word' id='word_1_95' title='bbox 603 1667 633 1734; x_wconf 85' lang='lat' dir='ltr'>si</span> <span class='ocrx_word' id='word_1_96' title='bbox 649 1668 848 1736; x_wconf 81' lang='lat' dir='ltr'>discostano</span> <span class='ocrx_word' id='word_1_97' title='bbox 862 1669 951 1736; x_wconf 88' lang='lat' dir='ltr'>della</span> <span class='ocrx_word' id='word_1_98' title='bbox 967 1670 1084 1737; x_wconf 85' lang='lat' dir='ltr'>chiesa</span> <span class='ocrx_word' id='word_1_99' title='bbox 1099 1668 1278 1737; x_wconf 88' lang='lat' dir='ltr'>catholica.</span> 
     </span>
    </p>

    <p class='ocr_par' dir='ltr' id='par_1_5' title="bbox 349 1782 1593 2685">
     <span class='ocr_line' id='line_1_13' title="bbox 423 1782 1592 1873; baseline 0 -23"><span class='ocrx_word' id='word_1_100' title='bbox 423 1784 548 1869; x_wconf 83' lang='lat' dir='ltr'>Quella</span> <span class='ocrx_word' id='word_1_101' title='bbox 563 1782 839 1871; x_wconf 68' lang='lat' dir='ltr'>congregatione</span> <span class='ocrx_word' id='word_1_102' title='bbox 854 1784 936 1852; x_wconf 90' lang='lat' dir='ltr'>delli</span> <span class='ocrx_word' id='word_1_103' title='bbox 953 1785 1047 1852; x_wconf 88' lang='lat' dir='ltr'>molti</span> <span class='ocrx_word' id='word_1_104' title='bbox 1064 1784 1228 1852; x_wconf 85' lang='lat' dir='ltr'>cardinali</span> <span class='ocrx_word' id='word_1_105' title='bbox 1245 1786 1264 1852; x_wconf 83' lang='grc' dir='ltr'>ὲ</span> <span class='ocrx_word' id='word_1_106' title='bbox 1279 1796 1369 1853; x_wconf 88' lang='lat' dir='ltr'>stato</span> <span class='ocrx_word' id='word_1_107' title='bbox 1385 1807 1447 1873; x_wconf 88' lang='lat' dir='ltr'>per</span> <span class='ocrx_word' id='word_1_108' title='bbox 1466 1783 1592 1851; x_wconf 89' lang='lat' dir='ltr'>soleni-</span> 
     </span>
     <span class='ocr_line' id='line_1_14' title="bbox 354 1899 1593 1987; baseline 0.001 -22"><span class='ocrx_word' id='word_1_109' title='bbox 354 1921 434 1966; x_wconf 87' lang='lat' dir='ltr'>zare</span> <span class='ocrx_word' id='word_1_110' title='bbox 445 1902 479 1966; x_wconf 87' lang='lat' dir='ltr'>la</span> <span class='ocrx_word' id='word_1_111' title='bbox 495 1899 744 1969; x_wconf 84' lang='lat' dir='ltr'>confraternita</span> <span class='ocrx_word' id='word_1_112' title='bbox 759 1902 816 1967; x_wconf 88' lang='lat' dir='ltr'>del</span> <span class='ocrx_word' id='word_1_113' title='bbox 831 1912 932 1967; x_wconf 88' lang='lat' dir='ltr'>santo</span> <span class='ocrx_word' id='word_1_114' title='bbox 948 1902 1142 1987; x_wconf 89' lang='lat' dir='ltr'>sepulchr0,</span> <span class='ocrx_word' id='word_1_115' title='bbox 1161 1901 1317 1969; x_wconf 90' lang='lat' dir='ltr'>ordinata</span> <span class='ocrx_word' id='word_1_116' title='bbox 1329 1902 1395 1969; x_wconf 88' lang='grc'><strong>3113</strong></span> <span class='ocrx_word' id='word_1_117' title='bbox 1407 1900 1593 1987; x_wconf 84' lang='lat' dir='ltr'>reparatio-</span> 
     </span>
     <span class='ocr_line' id='line_1_15' title="bbox 355 2016 1591 2105; baseline 0.002 -23"><span class='ocrx_word' id='word_1_118' title='bbox 355 2038 399 2083; x_wconf 92' lang='lat' dir='ltr'>ne</span> <span class='ocrx_word' id='word_1_119' title='bbox 415 2016 450 2082; x_wconf 89' lang='lat' dir='ltr'>di</span> <span class='ocrx_word' id='word_1_120' title='bbox 467 2017 572 2102; x_wconf 90' lang='lat' dir='ltr'>quelli</span> <span class='ocrx_word' id='word_1_121' title='bbox 587 2018 707 2105; x_wconf 89' lang='lat' dir='ltr'>luoghi</span> <span class='ocrx_word' id='word_1_122' title='bbox 724 2018 826 2097; x_wconf 84' lang='lat' dir='ltr'>santi,</span> <span class='ocrx_word' id='word_1_123' title='bbox 850 2032 887 2086; x_wconf 90' lang='lat' dir='ltr'>et</span> <span class='ocrx_word' id='word_1_124' title='bbox 907 2019 939 2084; x_wconf 93' lang='lat' dir='ltr'>al</span> <span class='ocrx_word' id='word_1_125' title='bbox 961 2018 1203 2087; x_wconf 85' lang='lat' dir='ltr'>tratenimento</span> <span class='ocrx_word' id='word_1_126' title='bbox 1225 2020 1281 2086; x_wconf 91' lang='lat' dir='ltr'>del</span> <span class='ocrx_word' id='word_1_127' title='bbox 1300 2020 1394 2085; x_wconf 90' lang='lat' dir='ltr'>culto</span> <span class='ocrx_word' id='word_1_128' title='bbox 1415 2016 1534 2085; x_wconf 90' lang='lat' dir='ltr'>diuino</span> <span class='ocrx_word' id='word_1_129' title='bbox 1555 2018 1591 2084; x_wconf 88' lang='lat' dir='ltr'>in</span> 
     </span>
     <span class='ocr_line' id='line_1_16' title="bbox 353 2132 1592 2219; baseline 0.001 -19"><span class='ocrx_word' id='word_1_130' title='bbox 353 2132 471 2218; x_wconf 87' lang='lat' dir='ltr'>quelli,</span> <span class='ocrx_word' id='word_1_131' title='bbox 490 2144 525 2200; x_wconf 85' lang='lat' dir='ltr'>et</span> <span class='ocrx_word' id='word_1_132' title='bbox 540 2132 772 2201; x_wconf 88' lang='lat' dir='ltr'>suuenctione</span> <span class='ocrx_word' id='word_1_133' title='bbox 788 2134 868 2201; x_wconf 89' lang='lat' dir='ltr'>dell¹</span> <span class='ocrx_word' id='word_1_134' title='bbox 886 2135 1001 2202; x_wconf 88' lang='lat' dir='ltr'>anime</span> <span class='ocrx_word' id='word_1_135' title='bbox 1017 2134 1053 2199; x_wconf 89' lang='lat' dir='ltr'>in</span> <span class='ocrx_word' id='word_1_136' title='bbox 1069 2135 1185 2219; x_wconf 89' lang='lat' dir='ltr'>quelle</span> <span class='ocrx_word' id='word_1_137' title='bbox 1199 2135 1322 2203; x_wconf 86' lang='lat' dir='ltr'>bande.</span> <span class='ocrx_word' id='word_1_138' title='bbox 1342 2136 1384 2201; x_wconf 90' lang='lat' dir='ltr'>Et</span> <span class='ocrx_word' id='word_1_139' title='bbox 1396 2137 1417 2203; x_wconf 77' lang='grc' dir='ltr'>ὲ</span> <span class='ocrx_word' id='word_1_140' title='bbox 1429 2156 1514 2203; x_wconf 90' lang='lat' dir='ltr'>uero</span> <span class='ocrx_word' id='word_1_141' title='bbox 1525 2136 1592 2201; x_wconf 91' lang='lat' dir='ltr'>che</span> 
     </span>
     <span class='ocr_line' id='line_1_17' title="bbox 351 2248 1590 2337; baseline -0.002 -20"><span class='ocrx_word' id='word_1_142' title='bbox 351 2248 390 2317; x_wconf 88' lang='lat' dir='ltr'>S.</span> <span class='ocrx_word' id='word_1_143' title='bbox 409 2249 447 2316; x_wconf 90' lang='lat' dir='ltr'>S.</span> <span class='ocrx_word' id='word_1_144' title='bbox 461 2250 507 2315; x_wconf 87' lang='lat' dir='ltr'>ha</span> <span class='ocrx_word' id='word_1_145' title='bbox 522 2249 641 2317; x_wconf 85' lang='lat' dir='ltr'>elletto</span> <span class='ocrx_word' id='word_1_146' title='bbox 657 2249 760 2334; x_wconf 89' lang='lat' dir='ltr'>quelli</span> <span class='ocrx_word' id='word_1_147' title='bbox 778 2261 830 2315; x_wconf 89' lang='lat' dir='ltr'>tre</span> <span class='ocrx_word' id='word_1_148' title='bbox 846 2250 977 2337; x_wconf 85' lang='lat' dir='ltr'>collegi</span> <span class='ocrx_word' id='word_1_149' title='bbox 993 2250 1029 2316; x_wconf 92' lang='lat' dir='ltr'>in</span> <span class='ocrx_word' id='word_1_150' title='bbox 1043 2250 1275 2331; x_wconf 84' lang='lat' dir='ltr'>Hierusalem,</span> <span class='ocrx_word' id='word_1_151' title='bbox 1289 2249 1590 2337; x_wconf 85' lang='lat' dir='ltr'>Constantinopoli</span> 
     </span>
     <span class='ocr_line' id='line_1_18' title="bbox 349 2362 1587 2453; baseline 0.001 -22"><span class='ocrx_word' id='word_1_152' title='bbox 349 2374 386 2431; x_wconf 90' lang='lat' dir='ltr'>et</span> <span class='ocrx_word' id='word_1_153' title='bbox 403 2362 520 2449; x_wconf 86' lang='lat' dir='ltr'>Cipro,</span> <span class='ocrx_word' id='word_1_154' title='bbox 538 2375 574 2432; x_wconf 92' lang='lat' dir='ltr'>et</span> <span class='ocrx_word' id='word_1_155' title='bbox 589 2367 703 2433; x_wconf 88' lang='lat' dir='ltr'>anche</span> <span class='ocrx_word' id='word_1_156' title='bbox 719 2366 885 2452; x_wconf 88' lang='lat' dir='ltr'>uogliono</span> <span class='ocrx_word' id='word_1_157' title='bbox 902 2366 974 2434; x_wconf 80' lang='lat' dir='ltr'>fare</span> <span class='ocrx_word' id='word_1_158' title='bbox 990 2366 1025 2432; x_wconf 94' lang='lat' dir='ltr'>in</span> <span class='ocrx_word' id='word_1_159' title='bbox 1037 2366 1114 2434; x_wconf 87' lang='lat' dir='ltr'>altri</span> <span class='ocrx_word' id='word_1_160' title='bbox 1129 2366 1213 2434; x_wconf 88' lang='lat' dir='ltr'>uarii</span> <span class='ocrx_word' id='word_1_161' title='bbox 1226 2365 1360 2453; x_wconf 89' lang='lat' dir='ltr'>luoghi,</span> <span class='ocrx_word' id='word_1_162' title='bbox 1372 2388 1471 2433; x_wconf 87' lang='lat' dir='ltr'>corno</span> <span class='ocrx_word' id='word_1_163' title='bbox 1483 2366 1587 2447; x_wconf 90' lang='lat' dir='ltr'>Chio,</span> 
     </span>
     <span class='ocr_line' id='line_1_19' title="bbox 351 2480 1589 2566; baseline 0.002 -20"><span class='ocrx_word' id='word_1_164' title='bbox 351 2480 506 2566; x_wconf 83' lang='lat' dir='ltr'>Raguza,</span> <span class='ocrx_word' id='word_1_165' title='bbox 522 2494 557 2546; x_wconf 88' lang='lat' dir='ltr'>et</span> <span class='ocrx_word' id='word_1_166' title='bbox 573 2480 609 2546; x_wconf 92' lang='lat' dir='ltr'>in</span> <span class='ocrx_word' id='word_1_167' title='bbox 624 2482 710 2547; x_wconf 91' lang='lat' dir='ltr'>altre</span> <span class='ocrx_word' id='word_1_168' title='bbox 726 2492 816 2551; x_wconf 87' lang='lat' dir='ltr'>terre</span> <span class='ocrx_word' id='word_1_169' title='bbox 833 2482 925 2549; x_wconf 89' lang='lat' dir='ltr'>della</span> <span class='ocrx_word' id='word_1_170' title='bbox 941 2483 1115 2564; x_wconf 89' lang='lat' dir='ltr'>Berberia;</span> <span class='ocrx_word' id='word_1_171' title='bbox 1135 2504 1191 2548; x_wconf 90' lang='lat' dir='ltr'>ma</span> <span class='ocrx_word' id='word_1_172' title='bbox 1203 2482 1227 2549; x_wconf 93' lang='lat' dir='ltr'>il</span> <span class='ocrx_word' id='word_1_173' title='bbox 1239 2502 1320 2549; x_wconf 87' lang='lat' dir='ltr'>caso</span> <span class='ocrx_word' id='word_1_174' title='bbox 1331 2484 1430 2550; x_wconf 78' lang='lat' dir='ltr'>eche</span> <span class='ocrx_word' id='word_1_175' title='bbox 1442 2482 1589 2548; x_wconf 86' lang='lat' dir='ltr'>habbia·</span> 
     </span>
     <span class='ocr_line' id='line_1_20' title="bbox 353 2596 1038 2685; baseline 0.004 -24"><span class='ocrx_word' id='word_1_176' title='bbox 353 2616 411 2662; x_wconf 89' lang='lat' dir='ltr'>mo</span> <span class='ocrx_word' id='word_1_177' title='bbox 427 2610 532 2683; x_wconf 83' lang='lat' dir='ltr'>gente</span> <span class='ocrx_word' id='word_1_178' title='bbox 547 2596 671 2663; x_wconf 89' lang='lat' dir='ltr'>idonea</span> <span class='ocrx_word' id='word_1_179' title='bbox 688 2618 749 2682; x_wconf 89' lang='lat' dir='ltr'>per</span> <span class='ocrx_word' id='word_1_180' title='bbox 767 2609 862 2667; x_wconf 88' lang='lat' dir='ltr'>tante</span> <span class='ocrx_word' id='word_1_181' title='bbox 878 2599 1038 2685; x_wconf 88' lang='lat' dir='ltr'>imprese.</span> 
     </span>
    </p>

    <p class='ocr_par' dir='ltr' id='par_1_6' title="bbox 352 2713 1586 2896">
     <span class='ocr_line' id='line_1_21' title="bbox 421 2713 1586 2800; baseline 0.006 -22"><span class='ocrx_word' id='word_1_182' title='bbox 421 2714 498 2778; x_wconf 90' lang='lat' dir='ltr'>Hor</span> <span class='ocrx_word' id='word_1_183' title='bbox 513 2733 582 2780; x_wconf 94' lang='lat' dir='ltr'>non</span> <span class='ocrx_word' id='word_1_184' title='bbox 600 2715 689 2780; x_wconf 87' lang='lat' dir='ltr'>altro</span> <span class='ocrx_word' id='word_1_185' title='bbox 702 2736 764 2800; x_wconf 87' lang='lat' dir='ltr'>per</span> <span class='ocrx_word' id='word_1_186' title='bbox 788 2726 924 2799; x_wconf 88' lang='lat' dir='ltr'>questa,</span> <span class='ocrx_word' id='word_1_187' title='bbox 942 2736 980 2785; x_wconf 89' lang='lat' dir='ltr'>se</span> <span class='ocrx_word' id='word_1_188' title='bbox 996 2737 1067 2781; x_wconf 91' lang='lat' dir='ltr'>non</span> <span class='ocrx_word' id='word_1_189' title='bbox 1087 2717 1153 2783; x_wconf 91' lang='lat' dir='ltr'>che</span> <span class='ocrx_word' id='word_1_190' title='bbox 1173 2716 1229 2781; x_wconf 88' lang='lat' dir='ltr'>all&#39;</span> <span class='ocrx_word' id='word_1_191' title='bbox 1252 2713 1397 2782; x_wconf 86' lang='lat' dir='ltr'>orationi</span> <span class='ocrx_word' id='word_1_192' title='bbox 1418 2716 1453 2781; x_wconf 92' lang='lat' dir='ltr'>di</span> <span class='ocrx_word' id='word_1_193' title='bbox 1473 2717 1520 2782; x_wconf 90' lang='lat' dir='ltr'>V.</span> <span class='ocrx_word' id='word_1_194' title='bbox 1543 2718 1586 2785; x_wconf 89' lang='lat' dir='ltr'>R.</span> 
     </span>
     <span class='ocr_line' id='line_1_22' title="bbox 352 2827 830 2896; baseline 0.006 -3"><span class='ocrx_word' id='word_1_195' title='bbox 352 2827 458 2893; x_wconf 91' lang='lat' dir='ltr'>molto</span> <span class='ocrx_word' id='word_1_196' title='bbox 474 2828 505 2894; x_wconf 89' lang='lat' dir='ltr'>ci</span> <span class='ocrx_word' id='word_1_197' title='bbox 522 2829 830 2896; x_wconf 83' lang='lat' dir='ltr'>raccomandiarno.</span> 
     </span>
    </p>

    <p class='ocr_par' dir='ltr' id='par_1_7' title="bbox 419 2943 954 3032">
     <span class='ocr_line' id='line_1_23' title="bbox 419 2943 954 3032; baseline 0.006 -22"><span class='ocrx_word' id='word_1_198' title='bbox 419 2944 463 3010; x_wconf 92' lang='lat' dir='ltr'>Di</span> <span class='ocrx_word' id='word_1_199' title='bbox 480 2945 588 3011; x_wconf 86' lang='lat' dir='ltr'>Roma</span> <span class='ocrx_word' id='word_1_200' title='bbox 609 2962 644 3011; x_wconf 92' lang='lat'>11</span> <span class='ocrx_word' id='word_1_201' title='bbox 664 2943 698 3011; x_wconf 88' lang='lat' dir='ltr'>d&#39;</span> <span class='ocrx_word' id='word_1_202' title='bbox 716 2946 836 3032; x_wconf 86' lang='lat' dir='ltr'>Aprile</span> <span class='ocrx_word' id='word_1_203' title='bbox 857 2963 954 3031; x_wconf 84' lang='lat'><strong>1554.</strong></span> 
     </span>
    </p>

    <p class='ocr_par' dir='ltr' id='par_1_8' title="bbox 418 3060 1176 3145">
     <span class='ocr_line' id='line_1_24' title="bbox 418 3060 1176 3145; baseline 0.012 -21"><span class='ocrx_word' id='word_1_204' title='bbox 418 3060 615 3145; x_wconf 72' lang='lat' dir='ltr'>Inscriptio.</span> <span class='ocrx_word' id='word_1_205' title='bbox 635 3064 667 3127; x_wconf 90' lang='lat' dir='ltr'><strong>A</strong></span> <span class='ocrx_word' id='word_1_206' title='bbox 685 3062 839 3130; x_wconf 85' lang='lat' dir='ltr'>Ferrara.</span> <span class='ocrx_word' id='word_1_207' title='bbox 856 3063 901 3129; x_wconf 83' lang='lat' dir='ltr'>Al</span> <span class='ocrx_word' id='word_1_208' title='bbox 919 3066 959 3129; x_wconf 91' lang='grc' dir='ltr'>Ρ.</span> <span class='ocrx_word' id='word_1_209' title='bbox 982 3063 1176 3133; x_wconf 83' lang='lat' dir='ltr'>Pelletario.</span> 
     </span>
    </p>
   </div>
   <div class='ocr_carea' id='block_1_4' title="bbox 669 3251 1260 3454">
    <p class='ocr_par' dir='ltr' id='par_1_9' title="bbox 669 3251 1260 3454">
     <span class='ocr_line' id='line_1_25' title="bbox 912 3251 1020 3332; baseline -0.009 -1"><span class='ocrx_word' id='word_1_210' title='bbox 912 3251 1020 3332; x_wconf 78' lang='grc'>4357</span> 
     </span>
     <span class='ocr_line' id='line_1_26' title="bbox 669 3383 1260 3454; baseline 0.008 -6"><span class='ocrx_word' id='word_1_211' title='bbox 669 3383 896 3452; x_wconf 74' lang='lat' dir='ltr'>Anonnne</span> <span class='ocrx_word' id='word_1_212' title='bbox 924 3386 1260 3454; x_wconf 74' lang='lat' dir='ltr'>eonrnseonnn</span> 
     </span>
    </p>
   </div>
   <div class='ocr_carea' id='block_1_5' title="bbox 757 3510 1170 3579">
    <p class='ocr_par' dir='ltr' id='par_1_10' title="bbox 757 3510 1170 3579">
     <span class='ocr_line' id='line_1_27' title="bbox 757 3510 1170 3579; baseline 0.017 -17"><span class='ocrx_word' id='word_1_213' title='bbox 757 3520 845 3563; x_wconf 75' lang='lat' dir='ltr'>nour</span> <span class='ocrx_word' id='word_1_214' title='bbox 866 3519 895 3561; x_wconf 88' lang='lat' dir='ltr'>rr</span> <span class='ocrx_word' id='word_1_215' title='bbox 919 3520 1041 3564; x_wconf 73' lang='lat' dir='ltr'>reninis</span> <span class='ocrx_word' id='word_1_216' title='bbox 1063 3521 1132 3579; x_wconf 82' lang='lat'>1554</span> <span class='ocrx_word' id='word_1_217' title='bbox 1151 3510 1170 3569; x_wconf 90' lang='lat'>¹.</span> 
     </span>
    </p>
   </div>
   <div class='ocr_carea' id='block_1_6' title="bbox 347 3638 1584 3806">
    <p class='ocr_par' dir='ltr' id='par_1_11' title="bbox 347 3638 1584 3806">
     <span class='ocr_line' id='line_1_28' title="bbox 347 3638 1584 3704; baseline 0.009 -11"><span class='ocrx_word' id='word_1_218' title='bbox 347 3638 478 3694; x_wconf 74' lang='lat' dir='ltr'>Litteras</span> <span class='ocrx_word' id='word_1_219' title='bbox 491 3640 534 3694; x_wconf 76' lang='lat' dir='ltr'>od</span> <span class='ocrx_word' id='word_1_220' title='bbox 548 3640 752 3695; x_wconf 76' lang='lat' dir='ltr'>Pelletorium</span> <span class='ocrx_word' id='word_1_221' title='bbox 765 3644 1075 3699; x_wconf 63' lang='lat' dir='ltr'>commemorate-De</span> <span class='ocrx_word' id='word_1_222' title='bbox 1091 3662 1147 3699; x_wconf 80' lang='lat' dir='ltr'>suo</span> <span class='ocrx_word' id='word_1_223' title='bbox 1163 3645 1537 3704; x_wconf 57' lang='lat' dir='ltr'>destinatione-Arma&amp;</span> <span class='ocrx_word' id='word_1_224' title='bbox 1549 3654 1584 3703; x_wconf 79' lang='lat' dir='ltr'>ut</span> 
     </span>
     <span class='ocr_line' id='line_1_29' title="bbox 619 3732 1310 3806; baseline 0.009 -20"><span class='ocrx_word' id='word_1_225' title='bbox 619 3732 789 3787; x_wconf 80' lang='lat' dir='ltr'>sacerdotio</span> <span class='ocrx_word' id='word_1_226' title='bbox 801 3738 960 3805; x_wconf 77' lang='lat' dir='ltr'>augeatur</span> <span class='ocrx_word' id='word_1_227' title='bbox 972 3734 1182 3806; x_wconf 77' lang='lat' dir='ltr'>concionesque</span> <span class='ocrx_word' id='word_1_228' title='bbox 1192 3736 1310 3791; x_wconf 77' lang='lat' dir='ltr'>habeat.</span> 
     </span>
    </p>
   </div>
   <div class='ocr_carea' id='block_1_7' title="bbox 340 3880 1579 4440">
    <p class='ocr_par' dir='ltr' id='par_1_12' title="bbox 413 3880 560 3949">
     <span class='ocr_line' id='line_1_30' title="bbox 413 3880 560 3949; baseline 0.014 -2"><span class='ocrx_word' id='word_1_229' title='bbox 413 3884 487 3947; x_wconf 86' lang='lat' dir='ltr'>Pax</span> <span class='ocrx_word' id='word_1_230' title='bbox 503 3880 560 3949; x_wconf 70' lang='grc' dir='ltr'>Χ.ἰ</span> 
     </span>
    </p>

    <p class='ocr_par' dir='ltr' id='par_1_13' title="bbox 410 3997 916 4067">
     <span class='ocr_line' id='line_1_31' title="bbox 410 3997 916 4067; baseline 0.01 -5"><span class='ocrx_word' id='word_1_231' title='bbox 410 3997 623 4064; x_wconf 89' lang='lat' dir='ltr'>Charissimo</span> <span class='ocrx_word' id='word_1_232' title='bbox 635 3998 670 4064; x_wconf 91' lang='lat' dir='ltr'>in</span> <span class='ocrx_word' id='word_1_233' title='bbox 687 3998 753 4065; x_wconf 85' lang='lat' dir='ltr'>X.⁰</span> <span class='ocrx_word' id='word_1_234' title='bbox 771 3999 916 4067; x_wconf 80' lang='lat' dir='ltr'>fratello.</span> 
     </span>
    </p>

    <p class='ocr_par' dir='ltr' id='par_1_14' title="bbox 340 4111 1579 4440">
     <span class='ocr_line' id='line_1_32' title="bbox 409 4111 1579 4208; baseline 0.012 -29"><span class='ocrx_word' id='word_1_235' title='bbox 409 4111 643 4180; x_wconf 86' lang='lat' dir='ltr'>Riceuessimo</span> <span class='ocrx_word' id='word_1_236' title='bbox 659 4117 691 4183; x_wconf 87' lang='grc'>13</span> <span class='ocrx_word' id='word_1_237' title='bbox 707 4126 824 4182; x_wconf 86' lang='lat' dir='ltr'>vostra</span> <span class='ocrx_word' id='word_1_238' title='bbox 841 4116 874 4182; x_wconf 92' lang='lat' dir='ltr'>di</span> <span class='ocrx_word' id='word_1_239' title='bbox 891 4136 913 4198; x_wconf 85' lang='lat'><strong>4</strong></span> <span class='ocrx_word' id='word_1_240' title='bbox 928 4118 985 4185; x_wconf 88' lang='lat' dir='ltr'>del</span> <span class='ocrx_word' id='word_1_241' title='bbox 1002 4130 1173 4206; x_wconf 82' lang='lat' dir='ltr'>presente,</span> <span class='ocrx_word' id='word_1_242' title='bbox 1191 4122 1258 4188; x_wconf 87' lang='lat' dir='ltr'>alla</span> <span class='ocrx_word' id='word_1_243' title='bbox 1270 4124 1371 4208; x_wconf 91' lang='lat' dir='ltr'>quale</span> <span class='ocrx_word' id='word_1_244' title='bbox 1385 4124 1458 4193; x_wconf 78' lang='lat' dir='ltr'>faro</span> <span class='ocrx_word' id='word_1_245' title='bbox 1470 4125 1579 4193; x_wconf 87' lang='lat' dir='ltr'>breue</span> 
     </span>
     <span class='ocr_line' id='line_1_33' title="bbox 340 4229 1578 4329; baseline 0.008 -32"><span class='ocrx_word' id='word_1_246' title='bbox 340 4238 509 4313; x_wconf 57' lang='lat' dir='ltr'>reposta,</span> <span class='ocrx_word' id='word_1_247' title='bbox 528 4229 675 4299; x_wconf 89' lang='lat' dir='ltr'>dicendo</span> <span class='ocrx_word' id='word_1_248' title='bbox 690 4234 755 4299; x_wconf 87' lang='lat' dir='ltr'>che</span> <span class='ocrx_word' id='word_1_249' title='bbox 771 4232 799 4299; x_wconf 92' lang='lat' dir='ltr'>si</span> <span class='ocrx_word' id='word_1_250' title='bbox 818 4234 862 4320; x_wconf 81' lang='grc' dir='ltr'>[ὲ]</span> <span class='ocrx_word' id='word_1_251' title='bbox 877 4234 996 4301; x_wconf 92' lang='lat' dir='ltr'>scritto</span> <span class='ocrx_word' id='word_1_252' title='bbox 1012 4257 1032 4302; x_wconf 87' lang='grc'><strong>3</strong></span> <span class='ocrx_word' id='word_1_253' title='bbox 1049 4236 1192 4305; x_wconf 90' lang='lat' dir='ltr'>Ferrara</span> <span class='ocrx_word' id='word_1_254' title='bbox 1204 4238 1237 4306; x_wconf 91' lang='lat' dir='ltr'>al</span> <span class='ocrx_word' id='word_1_255' title='bbox 1256 4241 1295 4307; x_wconf 88' lang='lat' dir='ltr'>P.</span> <span class='ocrx_word' id='word_1_256' title='bbox 1316 4241 1498 4309; x_wconf 83' lang='lat' dir='ltr'>Pelletario</span> <span class='ocrx_word' id='word_1_257' title='bbox 1511 4264 1578 4329; x_wconf 90' lang='lat' dir='ltr'>pur</span> 
     </span>
     <span class='ocr_line' id='line_1_34' title="bbox 340 4343 1576 4440; baseline 0.013 -31"><span class='ocrx_word' id='word_1_258' title='bbox 340 4343 449 4431; x_wconf 89' lang='lat' dir='ltr'>hoggi</span> <span class='ocrx_word' id='word_1_259' title='bbox 466 4345 492 4425; x_wconf 79' lang='lat'>¹,</span> <span class='ocrx_word' id='word_1_260' title='bbox 510 4358 640 4430; x_wconf 85' lang='lat' dir='ltr'>quanto</span> <span class='ocrx_word' id='word_1_261' title='bbox 655 4347 838 4431; x_wconf 82' lang='lat' dir='ltr'>conuiene,</span> <span class='ocrx_word' id='word_1_262' title='bbox 853 4352 1097 4439; x_wconf 88' lang='lat' dir='ltr'>mandandogli</span> <span class='ocrx_word' id='word_1_263' title='bbox 1110 4353 1212 4421; x_wconf 84' lang='lat' dir='ltr'>etiam</span> <span class='ocrx_word' id='word_1_264' title='bbox 1226 4356 1339 4440; x_wconf 82' lang='lat' dir='ltr'>quella</span> <span class='ocrx_word' id='word_1_265' title='bbox 1351 4356 1473 4425; x_wconf 88' lang='lat' dir='ltr'>lettera</span> <span class='ocrx_word' id='word_1_266' title='bbox 1485 4358 1576 4425; x_wconf 85' lang='lat' dir='ltr'>della</span> 
     </span>
    </p>
   </div>
   <div class='ocr_carea' id='block_1_8' title="bbox 392 4595 939 4761">
    <p class='ocr_par' dir='ltr' id='par_1_15' title="bbox 392 4595 939 4761">
     <span class='ocr_line' id='line_1_35' title="bbox 393 4595 939 4671; baseline 0.016 -23"><span class='ocrx_word' id='word_1_267' title='bbox 393 4595 402 4627; x_wconf 80' lang='lat'>¹</span> <span class='ocrx_word' id='word_1_268' title='bbox 440 4595 486 4649; x_wconf 83' lang='lat' dir='ltr'>Ex</span> <span class='ocrx_word' id='word_1_269' title='bbox 497 4596 602 4652; x_wconf 86' lang='lat' dir='ltr'>codice</span> <span class='ocrx_word' id='word_1_270' title='bbox 616 4598 735 4671; x_wconf 59' lang='lat' dir='ltr'>Rogant.</span> <span class='ocrx_word' id='word_1_271' title='bbox 751 4599 792 4665; x_wconf 86' lang='lat' dir='ltr'>II,</span> <span class='ocrx_word' id='word_1_272' title='bbox 806 4600 857 4660; x_wconf 87' lang='lat' dir='ltr'>fol.</span> <span class='ocrx_word' id='word_1_273' title='bbox 872 4599 939 4670; x_wconf 83' lang='lat' dir='ltr'><strong>87v.</strong></span> 
     </span>
     <span class='ocr_line' id='line_1_36' title="bbox 392 4685 894 4761; baseline 0.02 -23"><span class='ocrx_word' id='word_1_274' title='bbox 392 4688 404 4719; x_wconf 77' lang='lat'><strong>¹</strong></span> <span class='ocrx_word' id='word_1_275' title='bbox 442 4685 516 4740; x_wconf 88' lang='lat' dir='ltr'>Vide</span> <span class='ocrx_word' id='word_1_276' title='bbox 529 4687 685 4759; x_wconf 84' lang='lat' dir='ltr'>epistolam</span> <span class='ocrx_word' id='word_1_277' title='bbox 699 4690 894 4761; x_wconf 78' lang='lat' dir='ltr'>superiorem.</span> 
     </span>
    </p>
   </div>
   <div class='ocr_carea' id='block_1_9' title="bbox 0 0 1788 5409">
    <p class='ocr_par' dir='ltr' id='par_1_16' title="bbox 0 0 1788 5409">
     <span class='ocr_line' id='line_1_37' title="bbox 0 0 1788 5409; baseline 0 3"><span class='ocrx_word' id='word_1_278' title='bbox 0 0 1788 5409; x_wconf 95' lang='lat' dir='ltr'> </span> 
     </span>
    </p>
   </div>
  </div>
 </body>
</html>
