3567 5409
408 476 461 547 598
782 475 990 531 Monuusnrn
1013 474 1190 530 lunnrmnn

373 628 446 707 das,
464 649 596 713 porque
612 628 662 696 las
676 627 813 695 ultimas
829 650 896 713 que
913 633 1079 697 tenlamos
1094 648 1176 694 eran
1192 628 1311 695 delfin
1334 630 1378 695 de
1401 628 1559 696 Ottubre
1583 650 1607 713 y

374 762 394 826 7
410 744 455 812 de
470 744 680 811 Nouiembre
697 746 722 810 ⁸.

441 861 661 946 Respondent
678 882 759 945 muy
775 882 818 928 en
835 862 942 929 breue
957 863 990 927 al
1004 874 1112 947 punto
1128 862 1172 927 de
1187 860 1240 929 los
1252 860 1454 941 Exercitios;
1470 882 1541 944 que
1554 860 1611 925 los

373 978 436 1041 dos
448 976 597 1061 lugares,
613 996 680 1060 que
692 977 736 1045 de
749 977 869 1044 Alcala
881 998 944 1043 nos
956 976 1090 1043 escriue
1105 979 1137 1042 el
1155 978 1194 1043 P.
1217 977 1355 1044 Manuel
1368 976 1394 1057 ⁴,
1410 980 1509 1043 estun
1521 976 1611 1042 des·

376 1107 410 1157 ta
426 1112 564 1159 manera
579 1114 622 1159 en
640 1092 672 1158 la
689 1092 864 1159 tradution
879 1092 1025 1179 original
1044 1093 1185 1159 firmada
1201 1092 1257 1161 del
1275 1093 1437 1159 cardenal
1454 1093 1499 1158 de
1513 1094 1613 1158 Bur·

375 1229 452 1293 gos,
471 1229 539 1293 que
554 1228 635 1273 aora
650 1230 688 1276 es
707 1210 751 1275 de
771 1209 938 1295 Santiago
960 1212 985 1287 ⁵,
1009 1230 1107 1275 como
1130 1208 1332 1294 inquisidor,
1355 1231 1378 1294 y
1398 1209 1455 1276 del
1477 1206 1612 1274 vicario

375 1324 430 1390 del
447 1344 533 1409 papa
548 1321 573 1403 ⁸,
591 1346 613 1407 y
629 1324 684 1391 del
699 1337 848 1392 maestro
863 1325 918 1392 del
934 1346 1032 1391 sacro
1048 1324 1180 1410 palacio
1197 1328 1220 1405 ⁷,
1239 1325 1322 1411 digo
1337 1326 1370 1391 la
1392 1345 1459 1408 quc
1481 1346 1543 1392 era
1565 1324 1612 1390 de

375 1440 481 1505 verbo
502 1440 546 1505 ad
566 1440 723 1520 verbum,
746 1440 870 1506 sacada
893 1440 937 1506 de
958 1441 989 1505 la
1012 1442 1166 1526 spanola3
1189 1440 1265 1507 dize
1288 1445 1352 1507 asl:
1374 1442 1611 1525 «Quanquam

378 1553 592 1620 uerissimum
609 1551 653 1620 sit
670 1554 841 1622 neminem
858 1555 986 1622 saluari
998 1576 1066 1623 non
1081 1554 1369 1641 praedestinatum
1382 1568 1416 1621 et
1430 1554 1611 1641 priuatum

376 1668 500 1754 gratia,
518 1681 571 1737 est
588 1682 701 1735 tamen
717 1671 861 1736 multum
879 1672 1128 1739 aduertendum
1145 1670 1180 1736 in
1197 1673 1298 1738 modo
1313 1669 1512 1757 loquendin,
1535 1682 1608 1737 etc.

377 1784 417 1849 El
433 1795 509 1851 otro
525 1786 624 1871 lugat
641 1784 729 1853 dize:
751 1785 887 1852 «Tertia
905 1804 969 1866 est,
988 1788 1080 1871 quod
1101 1808 1265 1853 uocamus
1287 1786 1498 1874 spiritualem
1520 1807 1610 1851 con·

376 1900 576 1969 solationem
601 1914 890 1969 omnemmotum
911 1902 1047 1971 animae
1067 1903 1253 1983 internum,
1281 1923 1464 1989 perquem
1489 1902 1608 1967 anima

376 2016 577 2083 accenditur
598 2016 632 2082 in
653 2017 719 2085 Dei
740 2030 776 2083 et
795 2018 960 2085 creatoris
981 2018 1088 2087 nostri
1107 2019 1248 2104 igneum
1272 2040 1436 2097 amorem,
1461 2018 1610 2103 quando

377 2133 478 2202 etiam
497 2132 580 2199 nihil
596 2146 748 2200 creatum
764 2136 799 2200 in
816 2156 853 2200 se
869 2134 1014 2219 diligere
1032 2136 1199 2215 ualemus;
1218 2136 1278 2203 sed
1295 2134 1487 2221 qui[d]quid
1505 2134 1543 2199 id
1564 2133 1611 2199 sit

377 2249 412 2315 in
440 2252 515 2317 Deo
542 2251 693 2315 omnium
722 2250 855 2317 illorum
884 2266 1024 2318 auctore
1048 2250 1256 2337 diligimus.»
1284 2254 1391 2317 Desta
1415 2251 1608 2327 tradution‚

375 2376 505 2449 quanto
521 2366 553 2431 al
569 2365 718 2451 primero
734 2378 841 2451 punto
856 2389 894 2433 se
910 2367 1006 2450 quita
1022 2368 1053 2433 la
1069 2366 1160 2433 duda
1178 2366 1271 2447 toda;
1288 2388 1371 2452 pero
1384 2368 1416 2433 la
1429 2366 1610 2432 tradutidn

375 2484 585 2567 estampada,
603 2504 683 2567 que,
701 2503 800 2548 como
815 2482 854 2547 V.
874 2485 916 2551 R.
934 2484 1028 2561 sabe,
1049 2482 1126 2550 hizo
1143 2486 1246 2551 Mtro.
1262 2484 1399 2550 Andres
1411 2484 1454 2549 de
1467 2482 1608 2561 Frusi0‚

378 2619 424 2662 no
441 2596 532 2665 tiene
548 2618 631 2665 cosa
651 2619 718 2681 que
738 2620 776 2665 se
796 2599 937 2684 pudiese
958 2599 1051 2665 dezir
1072 2600 1168 2675 falsa,
1192 2620 1331 2684 aunque
1355 2600 1452 2667 luese
1475 2598 1610 2665 uerdad

377 2712 610 2779 determinada
626 2736 650 2798 y
664 2713 824 2794 definida‚
843 2716 935 2800 quod
951 2714 1077 2783 nemini
1094 2713 1266 2802 contingit
1287 2717 1392 2795 salus,
1415 2714 1481 2781 uisi
1505 2736 1609 2800 prae·

377 2828 569 2910 destinatis,
588 2851 686 2895 como
702 2852 740 2897 se
756 2851 824 2915 uey
838 2850 881 2897 en
899 2830 930 2898 el
948 2852 1077 2898 mesmo
1093 2841 1266 2899 contexto.
1287 2832 1317 2897 Y
1336 2841 1432 2897 tanto
1444 2836 1518 2897 mas
1531 2835 1612 2897 ests

377 2943 456 3011 bien
474 2945 606 3027 aquella
624 2946 810 3025 tradutidn,
828 2966 889 3031 por
906 2967 951 3011 no
968 2946 1063 3013 laltar
1088 2968 1131 3015 en
1151 2958 1312 3015 nuestros
1333 2948 1477 3032 tiempos
1499 2946 1609 3031 quien

379 3071 482 3144 teuga
498 3072 572 3127 esta
587 3060 738 3145 opinion:
757 3063 849 3145 quod
864 3060 982 3146 aliqui,
1005 3082 1074 3127 non
1096 3061 1351 3149 praedestinati,
1374 3062 1500 3128 saluari
1525 3083 1610 3147 pos-

378 3187 473 3243 sunt.
491 3176 522 3241 Y
539 3198 583 3243 en
599 3177 629 3243 el
648 3175 767 3243 ultimo
782 3177 928 3243 concilio
945 3178 1002 3245 lue
1019 3180 1223 3263 presentada
1238 3190 1312 3245 esta
1329 3178 1413 3245 obra
1427 3199 1450 3263 y
1462 3190 1538 3243 otra
1551 3178 1611 3243 del

377 3291 565 3357 Chaterino
581 3294 607 3371 ⁸,
625 3314 648 3377 y
665 3313 709 3357 no
724 3314 762 3361 se
777 3292 968 3361 determino
984 3296 1072 3361 nada
1089 3315 1133 3360 en
1149 3306 1282 3376 contra3
1301 3316 1322 3379 y
1339 3316 1401 3380 por
1416 3305 1492 3360 esto
1515 3292 1612 3360 tiene

379 3414 452 3474 mas
469 3409 568 3494 lugat
583 3408 685 3492 aquei
702 3411 805 3476 modo
820 3410 863 3479 de
879 3412 1013 3477 hablar:
1031 3409 1134 3478 etiam
1151 3409 1180 3477 si
1196 3412 1296 3496 plane
1312 3421 1527 3496 compertum
1543 3408 1612 3477 de·

377 3523 582 3607 finitumque
597 3536 701 3603 esset,
720 3535 787 3592 etc.
806 3528 948 3610 Quanto
964 3532 984 3593 a
1001 3528 1034 3592 lo
1051 3527 1222 3611 segundo‚
1242 3526 1394 3593 tambien
1410 3547 1448 3592 se
1464 3524 1565 3610 quita
1577 3526 1612 3590 la

377 3639 482 3719 dudan
500 3660 631 3724 porque
647 3662 691 3705 uo
707 3640 794 3708 dize:
813 3641 906 3726 quod
922 3641 957 3707 in
974 3642 1066 3707 omni
1088 3641 1321 3709 consolatione
1338 3642 1394 3708 uel
1411 3651 1507 3706 motu
1532 3640 1611 3705 ani-

378 3775 454 3819 mae
470 3752 606 3822 interno
621 3767 646 3836 ⁸,
670 3777 741 3840 quo
761 3756 954 3824 exardescit
976 3756 1088 3825 anima
1110 3756 1145 3822 in
1166 3778 1315 3824 amorem
1336 3756 1515 3838 creatoris
1537 3778 1611 3823 non

384 3868 577 3878 ..η-*-

432 3928 446 3956 ⁸
482 3914 615 3969 internae
625 3933 680 3970 ms.

432 4077 443 4107 ³
481 4076 635 4149 Epistolue
649 4078 709 4135 Ρ...
724 4078 839 4142 Nadal,
853 4079 877 4146 1,
895 4078 955 4149 189.

431 4167 443 4198 ⁴
481 4166 652 4222 Emmanuel
667 4168 776 4239 Lopez.
791 4167 887 4238 Hujus
901 4166 1056 4239 epistolam
1071 4186 1130 4225 non
1144 4170 1283 4242 vidimus,
1297 4171 1384 4226 aliam
1398 4178 1497 4225 tamen
1517 4172 1612 4225 Arao-

377 4253 416 4309 zii
429 4254 466 4309 de
479 4254 584 4310 eodem
597 4266 772 4327 argumento
781 4257 842 4327 jam
856 4256 969 4328 pridem
983 4255 1140 4313 edidimus.
1158 4260 1253 4330 Epist.
1269 4260 1393 4325 Mixtus,
1407 4260 1458 4330 111,
1476 4259 1609 4329 otis-671.

378 4342 455 4399 Vide
468 4345 564 4399 locum
578 4362 645 4400 cum
658 4346 802 4419 subjectis
815 4348 1066 4407 annotationibus.

432 4436 444 4468 ⁸
481 4436 611 4505 joannes
625 4435 800 4491 Aluarezius
813 4436 850 4490 de
862 4436 978 4503 Toleto,
994 4434 1031 4493 Ο.
1047 4438 1080 4493 P.

431 4526 443 4557 ⁶
480 4525 633 4597 Philippus
647 4525 819 4582 Archintus.
1036 4530 1046 4561 ³
1085 4526 1494 4598 Aegidiusuoscararium.
1512 4528 1543 4583 Ρ.

432 4617 444 4646 ⁸
483 4615 657 4671 Ambrosius
675 4613 862 4676 Catharinus.
880 4614 1037 4688 episcopus
1062 4617 1248 4689 minorensis,
1273 4616 1510 4690 archiepiscopus
1528 4634 1609 4673 com·

380 4720 497 4775 poenus,
514 4702 551 4758 de
564 4721 623 4775 quo
636 4721 733 4776 supra,
749 4706 785 4774 V,
798 4704 862 4771 698.
