3567 5409
575 496 678 551 Errsr.
699 492 836 563 403⁶·-2
851 495 1003 565 Jnuutau
1025 507 1094 565 1554

781 650 888 733 4036

493 786 633 853 carru
658 786 921 856 Lsounnno
946 784 1170 853 KESSELIO

625 924 714 967 1101111
728 924 904 979 ajanuarii]
924 922 994 978 1554
1015 913 1035 962 ¹.

213 1038 341 1095 Gaudet
354 1046 467 1112 partem
481 1060 617 1100 cessasse.
627 1046 772 1117 -Sperat
778 1046 853 1117 fora
865 1049 898 1100 ut
910 1045 995 1099 oraui
1006 1044 1109 1115 major
1121 1046 1161 1099 sit
1172 1044 1371 1099 commoditas
1383 1044 1452 1098 mit·

249 1129 337 1183 turdi
358 1130 483 1185 Romam
495 1130 768 1203 jamnes-Socii,
785 1152 805 1189 a
819 1134 953 1201 Kassalio
966 1131 1064 1201 missi,
1077 1133 1111 1187 in
1124 1132 1237 1187 littaris
1248 1136 1277 1188 at
1289 1132 1452 1187 virtutibus

247 1218 607 1290 proficiunt—Litterae
620 1240 655 1277 ex
669 1224 771 1280 India.

286 1356 359 1421 Pax
377 1356 520 1425 Christi.

286 1471 498 1539 Charissime
516 1474 628 1543 Pater.

257 1594 262 1601 '
286 1586 434 1655 Ultimas
450 1588 581 1657 litteras
598 1593 638 1658 R.
655 1592 715 1671 V.,
730 1610 749 1657 2
767 1592 974 1659 Nouembris
987 1588 1143 1677 scriptas,
1162 1588 1358 1675 accepimus
1369 1590 1395 1667 ¹,
1415 1598 1450 1655 et

211 1714 345 1788 pestem
367 1724 520 1773 cessasse
536 1705 570 1771 in
588 1708 738 1775 Domino
759 1694 965 1793 gaudemus,
989 1706 1083 1787 etei,
1107 1705 1166 1792 qui
1182 1726 1265 1773 uera
1286 1706 1379 1771 salus
1396 1716 1450 1771 est

213 1830 348 1899 nostra,
367 1820 496 1907 gratias
513 1822 662 1907 agimus.
1066 1902 1070 1913 Ι
1102 1834 1105 1837 ’
1272 1902 1276 1909 ¹

283 1936 520 2003 Redeuntibus
536 1938 752 2005 scholasticis
773 1938 880 2005 maior
900 1938 965 2005 erit
985 1939 1210 2006 commoditas
1230 1940 1299 2004 huc
1315 1936 1448 2021 aliquos

213 2048 327 2118 bonae
344 2049 469 2118 indolis
482 2051 626 2121 iuuenes
638 2054 794 2123 mittendi
806 2055 849 2121 ad
861 2054 1045 2141 collegium
1058 2052 1307 2139 germanicum.
1323 2054 1371 2120 Ut
1384 2074 1445 2118 au-

207 2176 285 2261 tem
302 2166 435 2235 litterae
451 2168 587 2236 ostendi
603 2168 736 2255 possint
752 2170 813 2249 eis,
833 2170 890 2257 qui
908 2169 1118 2236 uidebuntur
1141 2168 1269 2248 idonei,
1287 2189 1443 2235 seorsum

213 2280 259 2348 de
275 2281 324 2348 eis
337 2282 462 2350 scribo.
701 2266 705 2273 ¹

280 2400 435 2467 Fratrem
453 2412 606 2467 nostrum
624 2400 860 2469 charissimum
874 2402 914 2491 (si
930 2400 1031 2469 isthic
1043 2401 1126 2489 agit)
1141 2402 1335 2479 Andraeam
1351 2402 1444 2498 Lyn-

213 2536 289 2593 ner,
304 2515 467 2583 salutabit
481 2517 524 2583 V.
542 2518 597 2597 R,
611 2527 645 2584 et
658 2517 789 2586 litteras
803 2518 897 2587 Mtri.
911 2518 1054 2606 Joannis
1067 2519 1155 2584 Rhet
1170 2516 1330 2603 disponet
1342 2528 1445 2601 prout

214 2628 403 2701 uidebitur.
423 2631 483 2699 llle
504 2630 606 2699 simul
626 2654 705 2700 curn
729 2637 829 2701 Mtro.
848 2633 1032 2701 Gerardo‘
1055 2645 1089 2701 et
1109 2636 1210 2700 Mtr0.
1230 2634 1257 2699 F
1260 2631 1415 2699 rancisco
1433 2631 1444 2662 ⁴

212 2746 400 2831 proficiunt
417 2747 451 2813 in
467 2747 589 2815 litteris
604 2760 639 2814 et
655 2748 853 2828 uirtutibus,
871 2760 907 2816 et
922 2770 1082 2835 magnam
1099 2749 1153 2815 sui
1169 2746 1445 2834 expectationem

212 2862 337 2928 merito
352 2862 514 2930 excitant.
534 2862 572 2931 si
588 2863 719 2949 aliquos
737 2864 882 2931 misserit
901 2866 943 2931 V.
964 2866 1003 2932 R.
1021 2866 1063 2930 ad
1077 2863 1300 2943 Societatem,
1315 2863 1444 2931 discre-

211 2976 299 3044 tioni
312 2990 447 3045 uestrae
461 2978 676 3065 relinquitur,
691 3002 733 3047 an
751 2980 852 3049 simul
864 3002 943 3047 cum
956 2979 1031 3047 aliis
1046 2981 1092 3047 ad
1108 2979 1292 3067 collegium
1306 3000 1445 3065 germa-

210 3093 329 3159 nicum
348 3094 523 3163 mittendis
541 3096 676 3163 mittere
693 3096 866 3181 expediat.

282 3211 349 3279 Res
365 3210 473 3277 nostri
490 3210 627 3297 collegii
644 3210 746 3281 etiam
764 3233 927 3298 prospere
938 3212 981 3279 ad
999 3212 1064 3279 Dei
1081 3211 1227 3298 gloriam
1241 3211 1446 3297 procedunt.

283 3326 416 3394 Omnes
432 3348 495 3393 nos
511 3329 791 3395 commendamus
807 3348 850 3395 ex
865 3328 970 3396 corde
986 3326 1198 3395 orationibus
1213 3329 1260 3398 V.
1277 3329 1315 3395 R.

282 3442 411 3511 Rornae
427 3461 446 3509 2
463 3442 520 3509 die
535 3442 690 3531 Januarii
712 3460 811 3529 1554.

281 3557 415 3624 Indicas
432 3558 562 3627 litteras
579 3558 635 3626 hic
648 3558 759 3629 mitto,
778 3558 874 3627 Alias
890 3559 1157 3646 quadrimestres
1173 3562 1211 3627 P.
1231 3558 1407 3625 Adrianus
1421 3560 1448 3638 ⁸,

212 3694 296 3741 cum
312 3674 534 3760 perlegerint,
553 3674 675 3741 mittet.

281 3788 479 3874 Inscriptio.
499 3790 656 3858 Colonia.
676 3791 742 3857 Pro
760 3794 865 3859 Mtro.
884 3792 1077 3861 Leonardo.

245 4062 247 4067 ,
269 4006 278 4038 ¹
318 4003 360 4057 Ex
373 4002 476 4059 codice
492 4004 610 4077 Rogant.
626 4004 667 4065 11,
682 4002 733 4061 iol.
749 4015 814 4072 24v.

267 4096 279 4127 ¹
319 4087 417 4164 apest.
433 4090 705 4161 1114144111581.

268 4182 280 4215 ⁸
317 4181 463 4237 Brassica.

267 4273 279 4305 ⁴
315 4268 450 4329 Coetero.
465 4272 649 4343 Pocmcos,
665 4272 789 4337 Chron„
805 4272 853 4342 lll,
867 4285 895 4341 7.

267 4363 278 4395 ³
316 4360 466 4417 Adrianus
479 4360 614 4417 Adriani.
629 4360 705 4417 Vide
716 4360 870 4433 epistolam
884 4362 1079 4435 superiorem.
