3567 5409
574 476 684 531 Enisa.
705 473 900 545 4143bie-29
912 474 1111 531 semensas
1134 474 1202 546 1553
1416 491 1468 547 295

277 625 360 693 inter
375 627 544 693 tumultus
558 628 664 695 hosce
679 628 855 695 deflendos
871 628 979 713 (quod
996 626 1078 714 galli
1094 638 1129 695 et
1145 626 1209 713 ipsi
1226 626 1311 713 sint)
1328 638 1404 695 tuto
1417 650 1500 717 age-

277 762 311 810 re
325 740 469 829 possint.
488 742 628 809 Interim
645 742 711 810 Dei
731 742 949 812 clementiam
971 742 1225 829 praecabimur‚
1247 753 1284 809 ut
1308 745 1352 812 de
1373 744 1504 813 diuitiis

276 856 527 941 profusissimos
554 879 637 926 suae
657 858 822 925 bonitatis
842 858 1057 945 paupertatis
1077 870 1216 926 nostrae
1237 859 1395 927 delectus
1419 882 1501 947 sup-

273 972 379 1056 plens,
399 971 489 1039 uatis
505 975 549 1041 D.
568 976 614 1043 V.
634 976 751 1042 Rmae.
770 974 897 1061 pietate
918 972 1124 1059 plenissimis
1139 972 1174 1039 in
1190 974 1244 1040 sui
1260 973 1377 1061 populi
1393 976 1504 1043 salute

272 1090 506 1172 promouenda
522 1090 650 1175 aspiret
666 1072 691 1155 ⁸.
707 1090 750 1155 Et
766 1090 880 1156 dehis
896 1092 1076 1157 hactenus.
1097 1088 1242 1177 Reliqua
1253 1090 1358 1169 enim,
1374 1090 1401 1156 si
1415 1112 1503 1176 quae

270 1201 416 1271 dicenda
433 1203 574 1285 suerint,
598 1206 707 1272 uerbo
723 1204 947 1271 charissimus
970 1205 1075 1272 frater
1096 1216 1214 1272 noster
1235 1208 1330 1291 Mag.
1352 1208 1503 1273 Pascha·

270 1315 342 1384 sius
359 1321 372 1354 ³
389 1322 530 1389 referet.
576 1322 581 1331 '

336 1437 464 1521 Quoad
479 1436 665 1523 collegium
682 1437 847 1506 Societati
864 1448 1005 1504 nostrae
1027 1436 1168 1504 Parisiis
1190 1436 1439 1505 instituendum
1464 1449 1499 1507 et

269 1551 512 1620 stabiliendum
529 1552 666 1633 attinet,
685 1575 755 1620 non
771 1553 893 1619 dubito
910 1552 991 1637 quin
1009 1554 1053 1619 D.
1072 1554 1116 1619 V.
1136 1554 1234 1621 Rma.
1256 1554 1393 1622 tandem
1411 1553 1500 1641 opti-

271 1688 361 1732 mam
378 1667 471 1734 illam
487 1689 585 1735 suam
602 1679 752 1735 mentem
769 1680 804 1737 et
820 1667 924 1735 animi
943 1669 1171 1746 uoluntatem,
1190 1689 1291 1753 quam
1309 1668 1427 1735 diuina
1439 1670 1501 1735 bo-

272 1781 361 1849 nitas
377 1794 445 1850 tam
462 1784 531 1850 alte
546 1783 729 1869 impressit,
743 1806 847 1869 opere
863 1783 1094 1869 pulcherrimo
1107 1795 1142 1850 et
1158 1805 1241 1852 suae
1254 1784 1391 1871 pietatis
1407 1806 1447 1851 ac
1458 1785 1498 1851 li-

274 1896 459 1967 beralitatis
480 1901 597 1966 futuro
619 1916 784 1987 perpetuo
806 1899 1021 1967 monimento
1041 1901 1085 1966 ad
1106 1900 1286 1966 maximam
1309 1900 1499 1967 animarum

278 2013 451 2082 utilitatem
467 2016 513 2082 sit
530 2029 744 2083 ostensurus.

338 2108 474 2198 Interim
490 2131 654 2217 dignetur
671 2130 714 2197 D.
734 2133 779 2199 V.
798 2133 897 2200 Rma.
921 2152 986 2196 nos
1006 2151 1126 2198 omnes
1142 2142 1180 2197 ut
1197 2130 1285 2198 filios
1304 2132 1498 2199 addictissi-

280 2260 345 2311 mos
360 2245 459 2312 solita
475 2268 538 2313 sua
558 2248 729 2314 charitate
749 2246 948 2333 complecti,
974 2260 1009 2313 et
1030 2248 1104 2313 Deo
1125 2247 1384 2327 commendare,
1410 2259 1447 2313 ut
1463 2259 1498 2317 et

280 2376 334 2425 nos
353 2361 388 2426 in
408 2362 620 2429 orationibus
643 2375 679 2430 et
699 2362 879 2429 sacrificiis
900 2361 1028 2427 nostris
1049 2362 1203 2447 quotidie
1224 2364 1267 2429 D.
1292 2364 1335 2429 V.
1361 2364 1494 2431 Rmam.

276 2470 344 2542 Deo
359 2499 422 2563 pro
437 2477 543 2546 debiti
561 2478 668 2543 nostri
687 2478 818 2547 ratione
834 2476 1004 2560 exanimo
1021 2477 1317 2547 commendamus.
1509 2458 1513 2465 ’

335 2592 509 2681 Dignetur
524 2614 659 2659 summa
675 2603 710 2661 et
727 2592 892 2660 immensa
909 2594 1045 2659 bonitas
1061 2593 1207 2681 gratiam
1232 2594 1368 2661 uberem
1386 2594 1498 2660 omni-

260 2699 334 2775 bus
349 2708 531 2795 impartiri,
556 2721 593 2777 ut
608 2722 624 2750 ⁸
642 2708 794 2776 diuinam
817 2708 926 2795 ipsius
948 2710 1160 2775 uoluntatem
1183 2709 1392 2795 intelligere,
1415 2722 1450 2776 et
1466 2711 1497 2778 ei

246 2824 407 2890 Omnino
423 2828 660 2913 obtemperare
678 2826 866 2893 ualeamus

334 2942 475 3027 Romae,
493 2942 595 3008 nonis
612 2940 790 3010 Februarii
810 2956 910 3025 1554.

333 3058 531 3143 Inscriptio.
551 3059 619 3127 Per
634 3057 658 3123 il
675 3078 828 3125 uescouo
845 3056 879 3121 di
897 3057 1129 3124 Claramonte.

797 3220 891 3300 4143
912 3216 965 3271 “’“·“

522 3342 784 3413 EPISCOPUS
807 3344 1237 3413 CLAROMONTANUS

504 3457 913 3535 sermionem
947 3460 1007 3513 ou
1040 3456 1246 3517 101011

600 3570 758 3614 auscoam
779 3571 814 3626 29
832 3570 1029 3612 surrauaars
1051 3555 1119 3625 1553
1133 3559 1158 3616 ¹.

225 3674 314 3740 dd
336 3685 574 3740 instaurandam
597 3684 801 3740 biliomensem
824 3682 1014 3737 academiam
1037 3684 1129 3737 socios
1146 3684 1184 3737 ab
1208 3684 1334 3755 [gnatia
1356 3684 1496 3755 deposcit.
1610 3696 1613 3703 ’

513 3776 661 3830 Animum
674 3774 708 3828 in
723 3773 899 3827 Societatem
915 3772 1089 3827 benevolum
1104 3773 1244 3828 ostendit.

321 3904 390 3978 Jam
404 3904 533 3962 multum
548 3903 670 3961 effluxit
684 3902 836 3978 temporis
847 3902 1036 3977 (reuerende
1046 3902 1153 3978 Pater)
1169 3918 1210 3959 ex
1226 3919 1290 3976 quo
1304 3903 1344 3960 ad
1359 3903 1394 3962 R.
1411 3902 1449 3960 T.
1466 3903 1497 3961 P.

231 4012 375 4086 Scripsi
389 4018 541 4087 quantum
556 4011 630 4069 mihi
646 4018 729 4069 esset
744 4012 774 4068 in
789 4010 873 4068 uotis
887 4010 1098 4083 quamdiuque
1111 4010 1302 4069 laborassem
1314 4018 1348 4068 ut
1363 4010 1393 4068 in
1408 4012 1499 4086 oppi-

246 4104 292 4124 Χ
303 4118 366 4124 ..--
377 4118 385 4123 -
398 4118 463 4126 -.-...,

317 4164 329 4190 “
366 4172 466 4222 etms.

256 4252 465 4272 ς*-

315 4310 327 4341 ⁴
366 4309 431 4362 Deo
454 4318 619 4377 annuente,
644 4308 699 4361 hoc
718 4308 783 4377 ipso
800 4322 878 4360 anno
902 4304 1020 4361 initium
1043 4306 1169 4375 collegio
1194 4305 1363 4361 billomensi
1385 4305 1496 4362 factum

244 4403 329 4452 base
343 4397 434 4452 tradit
448 4396 632 4465 ΡοιΑΝωε,
648 4396 772 4463 Claram,
787 4395 841 4467 IV,
854 4394 917 4460 327.
974 4399 985 4429 ⁵
1024 4396 1199 4451 Paschasius
1212 4396 1349 4451 Brodtus.

318 4536 325 4566 ¹
363 4532 408 4586 Ex
421 4534 583 4603 archetypo
595 4531 626 4586 in
642 4530 713 4588 Cod.
727 4532 890 4594 diversor„
906 4544 922 4585 2
935 4529 978 4589 ff..
993 4547 1022 4589 11.
1037 4528 1083 4598 68,
1098 4529 1177 4597 prius
1190 4528 1255 4600 308,
1270 4530 1299 4585 in
1315 4530 1436 4601 antiquo
1458 4538 1487 4584 ta
1608 4526 1613 4534 '

250 4610 375 4675 bulario
388 4618 423 4675 C.
438 4619 593 4688 11111141.
609 4618 694 4674 Edita
707 4617 763 4674 fuit
777 4617 807 4674 in
820 4634 909 4689 opere
924 4620 999 4673 Acta
1011 4618 1068 4675 SS.
1077 4617 1170 4690 Julii,
1186 4628 1258 4674 tom.
1278 4618 1345 4687 Vll,
1365 4630 1438 4690 part.
1458 4618 1499 4689 ll,

252 4702 331 4765 Vita
343 4709 376 4764 S.
390 4709 469 4781 lgm,
482 4720 642 4767 comment.
658 4726 758 4781 praev.
772 4727 801 4763 n.
817 4709 880 4778 4483
898 4706 1019 4773 Cartas,
1034 4709 1087 4779 lV,
1102 4726 1170 4781 pag.
1185 4710 1248 4778 496.
