3567 5409
406 468 463 537 4⁶4
779 468 986 525 Mouuuuuaa
1011 468 1190 525 launum

371 619 622 704 rallegrassimo
638 620 695 688 nel
712 620 839 707 Signor
856 631 974 687 nostro
990 622 1080 689 della
1099 631 1228 689 venuta
1249 618 1329 689 delli
1350 637 1392 686 22
1414 615 1606 685 thudeechi

370 757 431 821 par
456 734 478 801 il
503 735 654 821 collegio
677 735 875 821 germanico
899 737 925 815 ⁹,
948 750 984 805 et
1003 738 1027 801 l'
1049 734 1232 805 habbiamo
1257 746 1420 803 mostrato
1443 758 1464 801 a
1488 732 1628 819 questi'

371 850 461 919 Rmi.
484 850 616 937 signori
636 849 814 931 cardinali,
836 852 893 917 alli
914 853 1006 938 quali
1027 852 1116 938 parsi
1139 850 1170 919 si
1190 852 1363 918 mostrassi
1384 873 1405 917 a
1423 850 1461 919 S.
1490 850 1548 929 S.;
1572 859 1608 917 et

371 966 444 1036 cosi
461 968 484 1032 l’
501 970 548 1033 ho
563 968 724 1033 mandata
739 968 771 1033 al
787 968 988 1035 secrettario
1004 967 1047 1035 de
1064 966 1102 1035 S.
1121 968 1157 1036 S.
1178 970 1189 1000 ³
1207 990 1267 1055 per
1282 978 1379 1054 parte
1394 966 1474 1034 delli
1492 964 1608 1033 cardi·

373 1084 443 1151 nali
459 1082 555 1151 acciu
571 1084 595 1149 ii
612 1084 644 1149 la
659 1082 779 1150 mostri
800 1104 866 1149 con
888 1104 935 1150 un
955 1085 1043 1151 altro
1062 1085 1168 1151 breue
1188 1084 1335 1170 capitolo
1355 1082 1391 1149 di
1410 1083 1527 1169 quella
1550 1080 1609 1147 del

372 1202 415 1268 P.
433 1202 495 1267 Dr.
515 1201 645 1285 Lanoy,
664 1200 754 1266 doue
769 1209 889 1267 consta
905 1202 969 1267 che
985 1199 1041 1267 alli
1063 1216 1099 1284 15
1115 1200 1161 1268 de
1176 1199 1321 1267 Febraio
1335 1199 1514 1287 partirono
1535 1216 1607 1265 con

372 1313 506 1402 patenti
522 1316 566 1382 de
581 1316 618 1383 S.
638 1316 686 1382 M.
705 1315 717 1347 ⁴
734 1326 770 1381 et
786 1315 841 1383 del
857 1317 958 1385 Rmo.
976 1315 1105 1383 nuncio
1120 1336 1213 1382 nouo
1230 1318 1255 1395 ⁸,
1278 1327 1313 1382 et
1334 1316 1358 1380 l’
1375 1313 1608 1381 imbasciador

372 1432 463 1501 della
479 1430 633 1518 signoria
647 1431 693 1500 de
709 1431 856 1498 Venetia
870 1433 897 1497 ⁸.
916 1433 994 1500 Non
1010 1431 1194 1499 habbiamo
1209 1433 1296 1497 altra
1312 1452 1404 1498 noua
1419 1429 1463 1497 de
1478 1431 1555 1495 loro
1567 1450 1608 1496 se

373 1568 444 1615 non
464 1570 524 1634 per
545 1549 639 1613 dette
658 1547 796 1627 lettere,
818 1560 853 1614 et
874 1568 943 1614 non
965 1548 983 1613 ὲ
1008 1565 1108 1635 tropo
1132 1549 1228 1614 tarde
1250 1567 1385 1614 ancora.
1417 1548 1455 1613 In
1477 1556 1607 1631 questo

374 1674 471 1730 mezo
486 1662 516 1728 si
532 1682 724 1749 preparano
739 1662 814 1730 letti
831 1677 866 1731 et
882 1664 969 1732 altre
984 1684 1065 1731 cose
1080 1662 1284 1733 necessarie.

441 1780 568 1846 Nostro
585 1780 697 1847 Padre
714 1778 855 1846 haueria
870 1780 991 1847 uoluto
1006 1779 1065 1867 piu
1082 1778 1286 1865 particulare
1302 1778 1554 1845 imformatione
1566 1776 1604 1841 d'

373 1894 458 1983 ogni
475 1914 545 1961 uno
560 1894 595 1960 di
612 1895 684 1961 loro
700 1899 746 1979 (et
762 1916 821 1981 per
837 1896 857 1959 i’
875 1895 1040 1963 aduenire
1055 1894 1133 1963 dice
1147 1897 1213 1963 che
1228 1895 1307 1962 VV.
1326 1895 1397 1961 RR.
1415 1915 1483 1960 non
1505 1914 1606 1959 man-

370 2009 454 2076 dino
469 2031 740 2089 nessunosanza
754 2009 868 2077 auisar
884 2009 992 2096 prima
1007 2011 1039 2077 le
1054 2031 1117 2079 sue
1133 2009 1235 2098 parti,
1253 2010 1429 2076 conforme
1442 2009 1508 2075 alle
1519 2030 1605 2075 con-

371 2124 553 2205 stitutioni,
570 2136 606 2192 et
622 2125 774 2193 riceuere
790 2138 942 2213 resposta
958 2125 992 2192 di
1009 2128 1099 2212 qua);
1119 2126 1246 2213 perche
1263 2138 1488 2213 quantunque
1505 2124 1604 2211 piace

374 2241 479 2307 molto
493 2243 560 2310 che
574 2244 670 2308 siano
689 2242 760 2307 bon
777 2263 922 2311 numero
936 2243 980 2309 de
998 2263 1143 2329 persone
1159 2241 1230 2327 qui,
1249 2240 1418 2311 conuiene
1434 2240 1524 2309 assai
1540 2242 1606 2307 che

372 2356 469 2425 siano
484 2358 543 2423 tali
558 2357 739 2445 suppositi,
756 2359 822 2424 che
836 2358 865 2424 si
879 2379 967 2425 caue
983 2360 1026 2427 de
1046 2360 1121 2426 loro
1138 2359 1163 2424 il
1182 2358 1290 2425 fruito
1309 2360 1375 2425 che
1395 2358 1425 2423 si
1446 2356 1602 2425 desidera

375 2494 435 2558 per
450 2470 474 2539 il
490 2473 609 2539 diuino
624 2473 780 2541 seruitio.

441 2589 522 2654 Non
538 2609 681 2655 occone
696 2590 796 2668 altro,
814 2612 851 2657 se
867 2610 936 2655 non
949 2590 1016 2655 che
1028 2586 1083 2655 all’
1096 2588 1241 2655 orationi
1253 2588 1296 2655 de
1309 2589 1354 2657 V.
1368 2590 1410 2656 R.
1427 2587 1506 2655 tutti
1519 2588 1604 2653 mol-

376 2718 412 2770 to
429 2705 461 2771 ei
477 2705 788 2772 raccomandiamo.

444 2821 498 2889 De
516 2822 628 2887 Roma
647 2840 687 2902 14
702 2822 746 2891 de
763 2824 881 2889 Marzo
900 2838 997 2905 1554.

444 2937 493 3003 La
510 2936 640 3005 maesta
656 2937 712 3006 del
732 2960 768 3006 re
783 2949 819 3005 et
839 2938 864 3003 ii
884 2940 984 3005 Rmo.
1007 2938 1188 3007 labacense
1212 2939 1236 3015 ',
1259 2938 1323 3003 ebe
1342 2938 1459 3002 hanno
1479 2936 1606 3001 aiutato

376 3050 490 3136 questi
505 3052 640 3131 scolari,
658 3074 759 3139 spero
773 3074 812 3119 se
833 3074 877 3119 ne
897 3052 1099 3120 seruiranno
1119 3051 1177 3120 del
1199 3052 1311 3118 fructu
1332 3050 1366 3116 d’
1384 3050 1452 3117 essi
1473 3061 1508 3118 et
1527 3048 1605 3118 delli

376 3167 454 3235 altri
470 3168 514 3233 de
530 3178 652 3252 questo
664 3168 813 3255 collegio
830 3169 864 3234 in
880 3169 1014 3263 grande
1030 3179 1138 3254 parte.

443 3285 642 3369 Inscriptio.
663 3285 811 3354 Vienna.
828 3286 876 3352 Al
892 3287 933 3352 P.
952 3284 1102 3353 Canisio.

430 3465 443 3499 ¹
481 3462 555 3517 Vide
569 3462 726 3535 epistolam
738 3463 931 3535 superiorem.

428 3554 438 3581 ³
476 3551 580 3607 Plures
593 3551 673 3622 Julio
684 3551 728 3606 111
741 3569 759 3607 a
770 3552 895 3607 secretis
905 3561 1048 3607 memorat
1062 3553 1273 3620 Bouamcius,
1284 3554 1329 3607 De
1337 3549 1605 3623 chrispoulifieia·

377 3658 445 3695 rum
459 3642 658 3712 epistolam
671 3641 879 3714 scriptoribus,
895 3658 961 3714 pag.
976 3640 1040 3711 325,
1054 3642 1130 3697 inter
1144 3660 1218 3715 quos
1230 3642 1384 3699 laudantur
1400 3640 1509 3695 Paulus
1522 3638 1606 3695 Sado·

376 3732 467 3799 letus,
481 3730 611 3801 Joannes
625 3732 801 3785 franciscus
810 3731 914 3801 Binua,
928 3731 1082 3787 Galeatiua
1095 3732 1292 3788 Florimontea
1301 3740 1333 3785 et
1342 3731 1464 3803 Trypho
1473 3728 1606 3783 Benciua.

377 3818 460 3873 Pauli
482 3818 613 3876 Sadoleti
636 3819 698 3874 vita
719 3820 865 3883 reperitur
886 3821 916 3875 in
932 3820 1042 3890 jacobi
1062 3821 1201 3877 Sadoleti
1218 3821 1418 3893 opuaolarun
1437 3819 1607 3891 appendia,

380 3915 451 3968 tom.
466 3908 518 3975 lv,
532 3926 598 3979 pag.
615 3908 743 3978 195·208.

431 4001 442 4031 ⁴
486 3997 689 4053 Ferdiuaudus
702 3998 726 4052 1.

433 4090 446 4121 ⁵
481 4086 639 4141 Zacharias
652 4086 797 4156 Delfinus,
810 4087 920 4160 dequo
934 4086 1069 4145 videatur
1082 4088 1267 4159 Poeaucos,
1280 4088 1406 4155 Clam„
1419 4086 1472 4157 IV,
1488 4087 1531 4145 16.

434 4188 447 4217 ⁶
482 4184 580 4257 Saepe
593 4184 728 4241 laudatus
740 4186 866 4241 Michaei
880 4186 1036 4241 Surianus.

436 4279 446 4308 ²
486 4276 626 4331 Urbanus
638 4276 763 4332 Textor.
