<?xml version="1.0" encoding="UTF-8"?>
<!DOCTYPE html PUBLIC "-//W3C//DTD XHTML 1.0 Transitional//EN"
    "http://www.w3.org/TR/xhtml1/DTD/xhtml1-transitional.dtd">
<html xmlns="http://www.w3.org/1999/xhtml" xml:lang="en" lang="en">
 <head>
  <title>
</title>
<meta http-equiv="Content-Type" content="text/html;charset=utf-8" />
  <meta name='ocr-system' content='tesseract 3.04.00' />
  <meta name='ocr-capabilities' content='ocr_page ocr_carea ocr_par ocr_line ocrx_word'/>
</head>
<body>
  <div class='ocr_page' id='page_1' title='image "./monumentaignati01ignagoog_0116.png"; bbox 0 0 3567 5409; ppageno 0'>
   <div class='ocr_carea' id='block_1_1' title="bbox 379 463 1163 519">
    <p class='ocr_par' dir='ltr' id='par_1_1' title="bbox 379 463 1163 519">
     <span class='ocr_line' id='line_1_1' title="bbox 379 463 1163 519; baseline 0.003 -4"><span class='ocrx_word' id='word_1_1' title='bbox 379 472 430 515; x_wconf 82' lang='lat'>110</span> <span class='ocrx_word' id='word_1_2' title='bbox 755 463 962 518; x_wconf 72' lang='lat' dir='ltr'>Monuuanes</span> <span class='ocrx_word' id='word_1_3' title='bbox 982 463 1163 519; x_wconf 69' lang='lat' dir='ltr'>lesinensi</span> 
     </span>
    </p>
   </div>
   <div class='ocr_carea' id='block_1_2' title="bbox 341 614 1577 1748">
    <p class='ocr_par' dir='ltr' id='par_1_2' title="bbox 341 614 1575 1513">
     <span class='ocr_line' id='line_1_2' title="bbox 409 614 1572 701; baseline -0.002 -18"><span class='ocrx_word' id='word_1_4' title='bbox 409 618 458 684; x_wconf 89' lang='lat' dir='ltr'>La</span> <span class='ocrx_word' id='word_1_5' title='bbox 473 637 555 682; x_wconf 87' lang='lat' dir='ltr'>eura</span> <span class='ocrx_word' id='word_1_6' title='bbox 571 617 613 682; x_wconf 90' lang='lat' dir='ltr'>de</span> <span class='ocrx_word' id='word_1_7' title='bbox 630 624 757 682; x_wconf 87' lang='lat' dir='ltr'>rettore</span> <span class='ocrx_word' id='word_1_8' title='bbox 773 626 826 681; x_wconf 86' lang='lat' dir='ltr'>sta</span> <span class='ocrx_word' id='word_1_9' title='bbox 842 616 931 683; x_wconf 85' lang='lat' dir='ltr'>bene</span> <span class='ocrx_word' id='word_1_10' title='bbox 946 614 982 679; x_wconf 90' lang='lat' dir='ltr'>in</span> <span class='ocrx_word' id='word_1_11' title='bbox 998 616 1043 681; x_wconf 91' lang='lat' dir='ltr'>V.</span> <span class='ocrx_word' id='word_1_12' title='bbox 1062 616 1104 681; x_wconf 87' lang='lat' dir='ltr'>R.</span> <span class='ocrx_word' id='word_1_13' title='bbox 1123 617 1149 695; x_wconf 80' lang='lat'>¹,</span> <span class='ocrx_word' id='word_1_14' title='bbox 1166 628 1202 683; x_wconf 90' lang='lat' dir='ltr'>et</span> <span class='ocrx_word' id='word_1_15' title='bbox 1218 614 1380 701; x_wconf 84' lang='lat' dir='ltr'>guardasi</span> <span class='ocrx_word' id='word_1_16' title='bbox 1396 615 1441 683; x_wconf 89' lang='lat' dir='ltr'>de</span> <span class='ocrx_word' id='word_1_17' title='bbox 1456 615 1572 681; x_wconf 80' lang='lat' dir='ltr'>uolet-</span> 
     </span>
     <span class='ocr_line' id='line_1_3' title="bbox 341 729 1570 817; baseline -0.002 -18"><span class='ocrx_word' id='word_1_18' title='bbox 341 732 371 799; x_wconf 94' lang='lat' dir='ltr'>si</span> <span class='ocrx_word' id='word_1_19' title='bbox 386 731 694 813; x_wconf 86' lang='lat' dir='ltr'>tantohumiliarsi,</span> <span class='ocrx_word' id='word_1_20' title='bbox 713 736 779 800; x_wconf 88' lang='lat' dir='ltr'>che</span> <span class='ocrx_word' id='word_1_21' title='bbox 794 729 844 798; x_wconf 89' lang='lat' dir='ltr'>sia</span> <span class='ocrx_word' id='word_1_22' title='bbox 865 732 927 798; x_wconf 88' lang='lat' dir='ltr'>dar</span> <span class='ocrx_word' id='word_1_23' title='bbox 946 733 1048 799; x_wconf 88' lang='lat' dir='ltr'>luoco</span> <span class='ocrx_word' id='word_1_24' title='bbox 1068 734 1100 798; x_wconf 91' lang='lat' dir='ltr'>al</span> <span class='ocrx_word' id='word_1_25' title='bbox 1122 731 1242 817; x_wconf 87' lang='lat' dir='ltr'>spirito</span> <span class='ocrx_word' id='word_1_26' title='bbox 1263 732 1308 797; x_wconf 92' lang='lat' dir='ltr'>de</span> <span class='ocrx_word' id='word_1_27' title='bbox 1327 730 1570 816; x_wconf 71' lang='lat' dir='ltr'>pusilanimiti.</span> 
     </span>
     <span class='ocr_line' id='line_1_4' title="bbox 343 847 1574 934; baseline -0.002 -18"><span class='ocrx_word' id='word_1_28' title='bbox 343 848 384 917; x_wconf 91' lang='lat' dir='ltr'>Li</span> <span class='ocrx_word' id='word_1_29' title='bbox 399 848 481 915; x_wconf 88' lang='lat' dir='ltr'>doni</span> <span class='ocrx_word' id='word_1_30' title='bbox 496 848 530 914; x_wconf 93' lang='lat' dir='ltr'>di</span> <span class='ocrx_word' id='word_1_31' title='bbox 547 848 613 915; x_wconf 90' lang='lat' dir='ltr'>Dio</span> <span class='ocrx_word' id='word_1_32' title='bbox 630 868 701 913; x_wconf 92' lang='lat' dir='ltr'>non</span> <span class='ocrx_word' id='word_1_33' title='bbox 717 848 746 914; x_wconf 93' lang='lat' dir='ltr'>si</span> <span class='ocrx_word' id='word_1_34' title='bbox 762 848 900 915; x_wconf 84' lang='lat' dir='ltr'>deuano</span> <span class='ocrx_word' id='word_1_35' title='bbox 914 847 1053 917; x_wconf 82' lang='lat' dir='ltr'><strong>estimat</strong></span> <span class='ocrx_word' id='word_1_36' title='bbox 1068 869 1192 934; x_wconf 79' lang='lat' dir='ltr'>puocO,</span> <span class='ocrx_word' id='word_1_37' title='bbox 1211 848 1429 915; x_wconf 73' lang='lat' dir='ltr'>anchorache</span> <span class='ocrx_word' id='word_1_38' title='bbox 1445 848 1477 915; x_wconf 87' lang='lat' dir='ltr'>le</span> <span class='ocrx_word' id='word_1_39' title='bbox 1492 868 1574 934; x_wconf 90' lang='lat' dir='ltr'>pro-</span> 
     </span>
     <span class='ocr_line' id='line_1_5' title="bbox 342 963 1574 1052; baseline -0.001 -20"><span class='ocrx_word' id='word_1_40' title='bbox 342 966 414 1052; x_wconf 88' lang='lat' dir='ltr'>prie</span> <span class='ocrx_word' id='word_1_41' title='bbox 430 964 664 1051; x_wconf 80' lang='lat' dir='ltr'>inperfettioni</span> <span class='ocrx_word' id='word_1_42' title='bbox 680 963 708 1031; x_wconf 92' lang='lat' dir='ltr'>si</span> <span class='ocrx_word' id='word_1_43' title='bbox 726 964 946 1051; x_wconf 87' lang='lat' dir='ltr'>despregino,</span> <span class='ocrx_word' id='word_1_44' title='bbox 965 986 1065 1031; x_wconf 87' lang='lat' dir='ltr'>como</span> <span class='ocrx_word' id='word_1_45' title='bbox 1080 963 1099 1033; x_wconf 79' lang='grc' dir='ltr'>ὲ</span> <span class='ocrx_word' id='word_1_46' title='bbox 1114 964 1138 1030; x_wconf 90' lang='lat' dir='ltr'>il</span> <span class='ocrx_word' id='word_1_47' title='bbox 1153 965 1294 1032; x_wconf 84' lang='lat' dir='ltr'>donere.</span> <span class='ocrx_word' id='word_1_48' title='bbox 1314 966 1359 1033; x_wconf 80' lang='lat' dir='ltr'>V.</span> <span class='ocrx_word' id='word_1_49' title='bbox 1378 967 1419 1031; x_wconf 92' lang='lat' dir='ltr'>R.</span> <span class='ocrx_word' id='word_1_50' title='bbox 1441 964 1508 1030; x_wconf 88' lang='lat' dir='ltr'>stia</span> <span class='ocrx_word' id='word_1_51' title='bbox 1528 964 1574 1031; x_wconf 86' lang='lat' dir='ltr'>de</span> 
     </span>
     <span class='ocr_line' id='line_1_6' title="bbox 341 1079 1575 1166; baseline -0.003 -19"><span class='ocrx_word' id='word_1_52' title='bbox 341 1082 457 1148; x_wconf 89' lang='lat' dir='ltr'>buono</span> <span class='ocrx_word' id='word_1_53' title='bbox 480 1079 606 1161; x_wconf 87' lang='lat' dir='ltr'>animo,</span> <span class='ocrx_word' id='word_1_54' title='bbox 625 1090 659 1147; x_wconf 90' lang='lat' dir='ltr'>et</span> <span class='ocrx_word' id='word_1_55' title='bbox 675 1080 731 1147; x_wconf 92' lang='lat' dir='ltr'>del</span> <span class='ocrx_word' id='word_1_56' title='bbox 747 1100 811 1145; x_wconf 92' lang='lat' dir='ltr'>suo</span> <span class='ocrx_word' id='word_1_57' title='bbox 832 1100 1040 1166; x_wconf 81' lang='lat' dir='ltr'>compagno,</span> <span class='ocrx_word' id='word_1_58' title='bbox 1064 1082 1166 1149; x_wconf 85' lang='lat' dir='ltr'>Mtrn.</span> <span class='ocrx_word' id='word_1_59' title='bbox 1188 1080 1327 1148; x_wconf 85' lang='lat' dir='ltr'>Giouan</span> <span class='ocrx_word' id='word_1_60' title='bbox 1351 1082 1519 1159; x_wconf 89' lang='lat' dir='ltr'>Lorenzo,</span> <span class='ocrx_word' id='word_1_61' title='bbox 1542 1079 1575 1146; x_wconf 91' lang='lat' dir='ltr'>si</span> 
     </span>
     <span class='ocr_line' id='line_1_7' title="bbox 341 1194 1574 1283; baseline -0.001 -21"><span class='ocrx_word' id='word_1_62' title='bbox 341 1195 476 1283; x_wconf 84' lang='lat' dir='ltr'>aggiuti</span> <span class='ocrx_word' id='word_1_63' title='bbox 492 1196 535 1263; x_wconf 87' lang='lat' dir='ltr'>V.</span> <span class='ocrx_word' id='word_1_64' title='bbox 555 1198 596 1263; x_wconf 91' lang='lat' dir='ltr'>R.</span> <span class='ocrx_word' id='word_1_65' title='bbox 615 1194 651 1261; x_wconf 92' lang='lat' dir='ltr'>in</span> <span class='ocrx_word' id='word_1_66' title='bbox 667 1196 782 1280; x_wconf 89' lang='lat' dir='ltr'>quello</span> <span class='ocrx_word' id='word_1_67' title='bbox 797 1196 841 1263; x_wconf 90' lang='lat' dir='ltr'>de</span> <span class='ocrx_word' id='word_1_68' title='bbox 856 1198 921 1265; x_wconf 85' lang='lat' dir='ltr'>che</span> <span class='ocrx_word' id='word_1_69' title='bbox 936 1195 985 1262; x_wconf 91' lang='lat' dir='ltr'>lui</span> <span class='ocrx_word' id='word_1_70' title='bbox 1001 1196 1019 1263; x_wconf 82' lang='grc' dir='ltr'>ὲ</span> <span class='ocrx_word' id='word_1_71' title='bbox 1036 1195 1175 1276; x_wconf 90' lang='lat' dir='ltr'>idoneo,</span> <span class='ocrx_word' id='word_1_72' title='bbox 1190 1207 1225 1264; x_wconf 90' lang='lat' dir='ltr'>et</span> <span class='ocrx_word' id='word_1_73' title='bbox 1238 1217 1307 1263; x_wconf 92' lang='lat' dir='ltr'>non</span> <span class='ocrx_word' id='word_1_74' title='bbox 1319 1194 1398 1265; x_wconf 90' lang='lat' dir='ltr'>lassi</span> <span class='ocrx_word' id='word_1_75' title='bbox 1412 1198 1450 1263; x_wconf 74' lang='lat' dir='ltr'>se</span> <span class='ocrx_word' id='word_1_76' title='bbox 1461 1206 1574 1262; x_wconf 80' lang='lat' dir='ltr'>stesso</span> 
     </span>
     <span class='ocr_line' id='line_1_8' title="bbox 342 1309 1574 1398; baseline -0.001 -20"><span class='ocrx_word' id='word_1_77' title='bbox 342 1312 463 1379; x_wconf 88' lang='lat' dir='ltr'>auilire</span> <span class='ocrx_word' id='word_1_78' title='bbox 483 1314 526 1379; x_wconf 73' lang='lat' dir='ltr'>ne</span> <span class='ocrx_word' id='word_1_79' title='bbox 547 1332 687 1379; x_wconf 78' lang='lat' dir='ltr'>mancat</span> <span class='ocrx_word' id='word_1_80' title='bbox 707 1313 743 1377; x_wconf 89' lang='lat' dir='ltr'>d&#39;</span> <span class='ocrx_word' id='word_1_81' title='bbox 760 1312 886 1393; x_wconf 83' lang='lat' dir='ltr'>anim03</span> <span class='ocrx_word' id='word_1_82' title='bbox 910 1324 945 1379; x_wconf 90' lang='lat' dir='ltr'>et</span> <span class='ocrx_word' id='word_1_83' title='bbox 964 1313 1083 1398; x_wconf 86' lang='lat' dir='ltr'>sappia</span> <span class='ocrx_word' id='word_1_84' title='bbox 1103 1313 1170 1379; x_wconf 86' lang='lat' dir='ltr'>che</span> <span class='ocrx_word' id='word_1_85' title='bbox 1190 1312 1248 1378; x_wconf 89' lang='lat' dir='ltr'>noi</span> <span class='ocrx_word' id='word_1_86' title='bbox 1269 1311 1450 1379; x_wconf 86' lang='lat' dir='ltr'>estimamo</span> <span class='ocrx_word' id='word_1_87' title='bbox 1474 1309 1574 1397; x_wconf 77' lang='lat' dir='ltr'>pinli</span> 
     </span>
     <span class='ocr_line' id='line_1_9' title="bbox 341 1427 1384 1513; baseline -0.001 -18"><span class='ocrx_word' id='word_1_88' title='bbox 341 1428 422 1495; x_wconf 90' lang='lat' dir='ltr'>doni</span> <span class='ocrx_word' id='word_1_89' title='bbox 437 1429 472 1495; x_wconf 91' lang='lat' dir='ltr'>di</span> <span class='ocrx_word' id='word_1_90' title='bbox 488 1429 555 1495; x_wconf 92' lang='lat' dir='ltr'>Dio</span> <span class='ocrx_word' id='word_1_91' title='bbox 568 1428 603 1494; x_wconf 92' lang='lat' dir='ltr'>in</span> <span class='ocrx_word' id='word_1_92' title='bbox 622 1430 663 1497; x_wconf 88' lang='lat' dir='ltr'>V.</span> <span class='ocrx_word' id='word_1_93' title='bbox 684 1430 724 1495; x_wconf 91' lang='lat' dir='ltr'>R.</span> <span class='ocrx_word' id='word_1_94' title='bbox 743 1427 778 1493; x_wconf 93' lang='lat' dir='ltr'>di</span> <span class='ocrx_word' id='word_1_95' title='bbox 794 1428 910 1513; x_wconf 91' lang='lat' dir='ltr'>quello</span> <span class='ocrx_word' id='word_1_96' title='bbox 924 1430 992 1495; x_wconf 87' lang='lat' dir='ltr'>che</span> <span class='ocrx_word' id='word_1_97' title='bbox 1006 1428 1051 1498; x_wconf 90' lang='lat' dir='ltr'>lei</span> <span class='ocrx_word' id='word_1_98' title='bbox 1069 1438 1196 1495; x_wconf 88' lang='lat' dir='ltr'>mostra</span> <span class='ocrx_word' id='word_1_99' title='bbox 1211 1428 1384 1497; x_wconf 88' lang='lat' dir='ltr'>estimare.</span> 
     </span>
    </p>

    <p class='ocr_par' dir='ltr' id='par_1_3' title="bbox 342 1522 1577 1748">
     <span class='ocr_line' id='line_1_10' title="bbox 409 1522 1574 1630; baseline -0.002 -19"><span class='ocrx_word' id='word_1_100' title='bbox 409 1546 550 1630; x_wconf 82' lang='lat' dir='ltr'>Quanto</span> <span class='ocrx_word' id='word_1_101' title='bbox 565 1545 630 1611; x_wconf 87' lang='lat' dir='ltr'>alla</span> <span class='ocrx_word' id='word_1_102' title='bbox 646 1522 755 1613; x_wconf 67' lang='lat' dir='ltr'>cociti</span> <span class='ocrx_word' id='word_1_103' title='bbox 773 1567 795 1612; x_wconf 95' lang='lat' dir='ltr'>o</span> <span class='ocrx_word' id='word_1_104' title='bbox 811 1544 933 1612; x_wconf 69' lang='lat' dir='ltr'>aridite</span> <span class='ocrx_word' id='word_1_105' title='bbox 948 1545 993 1613; x_wconf 89' lang='lat' dir='ltr'>de</span> <span class='ocrx_word' id='word_1_106' title='bbox 1008 1543 1139 1630; x_wconf 84' lang='lat' dir='ltr'>spirito,</span> <span class='ocrx_word' id='word_1_107' title='bbox 1157 1546 1224 1611; x_wconf 89' lang='lat' dir='ltr'>che</span> <span class='ocrx_word' id='word_1_108' title='bbox 1239 1544 1263 1609; x_wconf 92' lang='lat' dir='ltr'>li</span> <span class='ocrx_word' id='word_1_109' title='bbox 1278 1565 1360 1630; x_wconf 87' lang='lat' dir='ltr'>pare</span> <span class='ocrx_word' id='word_1_110' title='bbox 1381 1557 1519 1611; x_wconf 84' lang='lat' dir='ltr'>tronare</span> <span class='ocrx_word' id='word_1_111' title='bbox 1537 1542 1574 1609; x_wconf 91' lang='lat' dir='ltr'>in</span> 
     </span>
     <span class='ocr_line' id='line_1_11' title="bbox 342 1638 1577 1748; baseline -0.002 -20"><span class='ocrx_word' id='word_1_112' title='bbox 342 1664 391 1743; x_wconf 74' lang='lat' dir='ltr'>se,</span> <span class='ocrx_word' id='word_1_113' title='bbox 410 1662 478 1748; x_wconf 83' lang='lat' dir='ltr'>pub</span> <span class='ocrx_word' id='word_1_114' title='bbox 495 1660 689 1729; x_wconf 82' lang='lat' dir='ltr'>facilmente</span> <span class='ocrx_word' id='word_1_115' title='bbox 703 1638 891 1747; x_wconf 65' lang='lat' dir='ltr'>brocedere</span> <span class='ocrx_word' id='word_1_116' title='bbox 907 1660 995 1728; x_wconf 88' lang='lat' dir='ltr'>della</span> <span class='ocrx_word' id='word_1_117' title='bbox 1016 1659 1193 1728; x_wconf 85' lang='lat' dir='ltr'>difidentia</span> <span class='ocrx_word' id='word_1_118' title='bbox 1213 1682 1235 1727; x_wconf 95' lang='lat' dir='ltr'>o</span> <span class='ocrx_word' id='word_1_119' title='bbox 1255 1658 1513 1746; x_wconf 75' lang='lat' dir='ltr'>pusillanimiti,</span> <span class='ocrx_word' id='word_1_120' title='bbox 1538 1670 1577 1726; x_wconf 90' lang='lat' dir='ltr'>et</span> 
     </span>
    </p>
   </div>
   <div class='ocr_carea' id='block_1_3' title="bbox 241 1772 1576 1862">
    <p class='ocr_par' dir='ltr' id='par_1_4' title="bbox 241 1772 1576 1862">
     <span class='ocr_line' id='line_1_12' title="bbox 241 1772 1576 1862; baseline -0.001 -20"><span class='ocrx_word' id='word_1_121' title='bbox 241 1842 245 1851; x_wconf 80' lang='grc'>,</span> <span class='ocrx_word' id='word_1_122' title='bbox 341 1775 414 1844; x_wconf 87' lang='lat' dir='ltr'>cosi</span> <span class='ocrx_word' id='word_1_123' title='bbox 439 1776 568 1842; x_wconf 89' lang='lat' dir='ltr'>curarsi</span> <span class='ocrx_word' id='word_1_124' title='bbox 588 1797 654 1842; x_wconf 90' lang='lat' dir='ltr'>con</span> <span class='ocrx_word' id='word_1_125' title='bbox 675 1777 709 1843; x_wconf 93' lang='lat' dir='ltr'>lo</span> <span class='ocrx_word' id='word_1_126' title='bbox 730 1777 915 1857; x_wconf 82' lang='lat' dir='ltr'>contrari03</span> <span class='ocrx_word' id='word_1_127' title='bbox 937 1787 972 1845; x_wconf 89' lang='lat' dir='ltr'>et</span> <span class='ocrx_word' id='word_1_128' title='bbox 992 1796 1093 1862; x_wconf 84' lang='lat' dir='ltr'>sopra</span> <span class='ocrx_word' id='word_1_129' title='bbox 1113 1786 1205 1842; x_wconf 88' lang='lat' dir='ltr'>tutto</span> <span class='ocrx_word' id='word_1_130' title='bbox 1226 1778 1270 1843; x_wconf 91' lang='lat' dir='ltr'>V.</span> <span class='ocrx_word' id='word_1_131' title='bbox 1295 1778 1335 1843; x_wconf 87' lang='lat' dir='ltr'>R.</span> <span class='ocrx_word' id='word_1_132' title='bbox 1354 1796 1392 1843; x_wconf 86' lang='lat' dir='ltr'>se</span> <span class='ocrx_word' id='word_1_133' title='bbox 1408 1772 1576 1842; x_wconf 86' lang='lat' dir='ltr'>arricordi</span> 
     </span>
    </p>
   </div>
   <div class='ocr_carea' id='block_1_4' title="bbox 329 1889 1576 2654">
    <p class='ocr_par' dir='ltr' id='par_1_5' title="bbox 329 1889 1576 2654">
     <span class='ocr_line' id='line_1_13' title="bbox 343 1889 1574 1979; baseline -0.001 -22"><span class='ocrx_word' id='word_1_134' title='bbox 343 1894 408 1961; x_wconf 88' lang='lat' dir='ltr'>che</span> <span class='ocrx_word' id='word_1_135' title='bbox 424 1892 491 1959; x_wconf 92' lang='lat' dir='ltr'>Dio</span> <span class='ocrx_word' id='word_1_136' title='bbox 507 1891 635 1961; x_wconf 88' lang='lat' dir='ltr'>ricerca</span> <span class='ocrx_word' id='word_1_137' title='bbox 649 1892 693 1959; x_wconf 88' lang='lat' dir='ltr'>da</span> <span class='ocrx_word' id='word_1_138' title='bbox 709 1891 769 1959; x_wconf 92' lang='lat' dir='ltr'>noi</span> <span class='ocrx_word' id='word_1_139' title='bbox 786 1892 817 1959; x_wconf 88' lang='lat' dir='ltr'>le</span> <span class='ocrx_word' id='word_1_140' title='bbox 832 1892 923 1960; x_wconf 83' lang='lat' dir='ltr'>virtb</span> <span class='ocrx_word' id='word_1_141' title='bbox 938 1892 1060 1972; x_wconf 89' lang='lat' dir='ltr'>solide,</span> <span class='ocrx_word' id='word_1_142' title='bbox 1077 1913 1177 1959; x_wconf 87' lang='lat' dir='ltr'>como</span> <span class='ocrx_word' id='word_1_143' title='bbox 1189 1895 1209 1960; x_wconf 74' lang='grc' dir='ltr'>ὁ</span> <span class='ocrx_word' id='word_1_144' title='bbox 1220 1893 1255 1958; x_wconf 90' lang='lat' dir='ltr'>la</span> <span class='ocrx_word' id='word_1_145' title='bbox 1267 1891 1445 1979; x_wconf 89' lang='lat' dir='ltr'>patientia,</span> <span class='ocrx_word' id='word_1_146' title='bbox 1459 1889 1574 1958; x_wconf 91' lang='lat' dir='ltr'>humi·</span> 
     </span>
     <span class='ocr_line' id='line_1_14' title="bbox 340 2005 1575 2094; baseline -0.003 -19"><span class='ocrx_word' id='word_1_147' title='bbox 340 2006 644 2089; x_wconf 59' lang='lat' dir='ltr'>inobedientia,</span> <span class='ocrx_word' id='word_1_148' title='bbox 667 2007 897 2094; x_wconf 85' lang='lat' dir='ltr'>abnegatione</span> <span class='ocrx_word' id='word_1_149' title='bbox 916 2008 1006 2075; x_wconf 85' lang='lat' dir='ltr'>della</span> <span class='ocrx_word' id='word_1_150' title='bbox 1024 2008 1170 2075; x_wconf 71' lang='lat' dir='ltr'>-uolunti</span> <span class='ocrx_word' id='word_1_151' title='bbox 1193 2006 1344 2094; x_wconf 86' lang='lat' dir='ltr'>propria,</span> <span class='ocrx_word' id='word_1_152' title='bbox 1369 2006 1515 2089; x_wconf 74' lang='lat' dir='ltr'>chariti,</span> <span class='ocrx_word' id='word_1_153' title='bbox 1538 2005 1575 2072; x_wconf 94' lang='lat' dir='ltr'>id</span> 
     </span>
     <span class='ocr_line' id='line_1_15' title="bbox 341 2122 1576 2213; baseline 0 -22"><span class='ocrx_word' id='word_1_154' title='bbox 341 2134 407 2205; x_wconf 87' lang='lat' dir='ltr'>est,</span> <span class='ocrx_word' id='word_1_155' title='bbox 424 2126 540 2191; x_wconf 88' lang='lat' dir='ltr'>bunna</span> <span class='ocrx_word' id='word_1_156' title='bbox 558 2124 698 2192; x_wconf 72' lang='lat' dir='ltr'>uolunta</span> <span class='ocrx_word' id='word_1_157' title='bbox 713 2124 757 2191; x_wconf 91' lang='lat' dir='ltr'>de</span> <span class='ocrx_word' id='word_1_158' title='bbox 772 2123 929 2205; x_wconf 80' lang='lat' dir='ltr'>seruitio,</span> <span class='ocrx_word' id='word_1_159' title='bbox 951 2136 987 2192; x_wconf 87' lang='lat' dir='ltr'>et</span> <span class='ocrx_word' id='word_1_160' title='bbox 1007 2145 1068 2210; x_wconf 88' lang='lat' dir='ltr'>per</span> <span class='ocrx_word' id='word_1_161' title='bbox 1088 2146 1168 2191; x_wconf 91' lang='lat' dir='ltr'>esso</span> <span class='ocrx_word' id='word_1_162' title='bbox 1187 2123 1210 2190; x_wconf 93' lang='lat' dir='ltr'>li</span> <span class='ocrx_word' id='word_1_163' title='bbox 1231 2124 1391 2213; x_wconf 64' lang='lat' dir='ltr'>proximi,</span> <span class='ocrx_word' id='word_1_164' title='bbox 1414 2123 1471 2189; x_wconf 86' lang='lat' dir='ltr'>ch&#39;</span> <span class='ocrx_word' id='word_1_165' title='bbox 1489 2122 1576 2191; x_wconf 85' lang='lat' dir='ltr'>altre</span> 
     </span>
     <span class='ocr_line' id='line_1_16' title="bbox 341 2238 1575 2326; baseline 0 -21"><span class='ocrx_word' id='word_1_166' title='bbox 341 2240 539 2320; x_wconf 88' lang='lat' dir='ltr'>deuotione,</span> <span class='ocrx_word' id='word_1_167' title='bbox 558 2242 782 2325; x_wconf 88' lang='lat' dir='ltr'>quantunche</span> <span class='ocrx_word' id='word_1_168' title='bbox 796 2239 821 2305; x_wconf 92' lang='lat' dir='ltr'>li</span> <span class='ocrx_word' id='word_1_169' title='bbox 837 2240 991 2308; x_wconf 86' lang='lat' dir='ltr'>conceda</span> <span class='ocrx_word' id='word_1_170' title='bbox 1005 2262 1068 2309; x_wconf 85' lang='lat' dir='ltr'>sua</span> <span class='ocrx_word' id='word_1_171' title='bbox 1084 2238 1314 2326; x_wconf 86' lang='lat' dir='ltr'>prouidentia,</span> <span class='ocrx_word' id='word_1_172' title='bbox 1329 2239 1468 2323; x_wconf 88' lang='lat' dir='ltr'>quando</span> <span class='ocrx_word' id='word_1_173' title='bbox 1486 2239 1575 2306; x_wconf 85' lang='lat' dir='ltr'>uede</span> 
     </span>
     <span class='ocr_line' id='line_1_17' title="bbox 329 2355 1574 2442; baseline -0.002 -19"><span class='ocrx_word' id='word_1_174' title='bbox 329 2376 437 2425; x_wconf 88' lang='lat' dir='ltr'>-esser</span> <span class='ocrx_word' id='word_1_175' title='bbox 464 2356 673 2442; x_wconf 84' lang='lat' dir='ltr'>espediente;</span> <span class='ocrx_word' id='word_1_176' title='bbox 696 2376 753 2421; x_wconf 88' lang='lat' dir='ltr'>ma</span> <span class='ocrx_word' id='word_1_177' title='bbox 772 2376 872 2422; x_wconf 84' lang='lat' dir='ltr'>corno</span> <span class='ocrx_word' id='word_1_178' title='bbox 891 2377 962 2423; x_wconf 88' lang='lat' dir='ltr'>non</span> <span class='ocrx_word' id='word_1_179' title='bbox 978 2377 1041 2424; x_wconf 92' lang='lat' dir='ltr'>son</span> <span class='ocrx_word' id='word_1_180' title='bbox 1052 2376 1134 2423; x_wconf 83' lang='lat' dir='ltr'>cose</span> <span class='ocrx_word' id='word_1_181' title='bbox 1149 2355 1388 2439; x_wconf 81' lang='lat' dir='ltr'>substantiale,</span> <span class='ocrx_word' id='word_1_182' title='bbox 1407 2356 1574 2421; x_wconf 76' lang='lat' dir='ltr'>noniano</span> 
     </span>
     <span class='ocr_line' id='line_1_18' title="bbox 344 2469 1570 2557; baseline -0.002 -21"><span class='ocrx_word' id='word_1_183' title='bbox 344 2472 490 2557; x_wconf 85' lang='lat' dir='ltr'>perfetto</span> <span class='ocrx_word' id='word_1_184' title='bbox 506 2472 528 2535; x_wconf 88' lang='lat' dir='ltr'>l&#39;</span> <span class='ocrx_word' id='word_1_185' title='bbox 547 2473 677 2537; x_wconf 89' lang='lat' dir='ltr'>huomo</span> <span class='ocrx_word' id='word_1_186' title='bbox 694 2471 831 2556; x_wconf 86' lang='lat' dir='ltr'>quando</span> <span class='ocrx_word' id='word_1_187' title='bbox 844 2470 1038 2553; x_wconf 86' lang='lat' dir='ltr'>abondann,</span> <span class='ocrx_word' id='word_1_188' title='bbox 1056 2473 1089 2537; x_wconf 88' lang='lat' dir='ltr'>n&#39;</span> <span class='ocrx_word' id='word_1_189' title='bbox 1106 2474 1216 2540; x_wconf 86' lang='lat' dir='ltr'>anche</span> <span class='ocrx_word' id='word_1_190' title='bbox 1231 2470 1415 2557; x_wconf 82' lang='lat' dir='ltr'>inperfetto</span> <span class='ocrx_word' id='word_1_191' title='bbox 1431 2469 1570 2556; x_wconf 85' lang='lat' dir='ltr'>quando</span> 
     </span>
     <span class='ocr_line' id='line_1_19' title="bbox 343 2607 588 2654; baseline -0.008 0"><span class='ocrx_word' id='word_1_192' title='bbox 343 2607 524 2654; x_wconf 87' lang='lat' dir='ltr'>maneano.</span> <span class='ocrx_word' id='word_1_193' title='bbox 585 2637 588 2643; x_wconf 91' lang='lat'>.</span> 
     </span>
    </p>
   </div>
   <div class='ocr_carea' id='block_1_5' title="bbox 344 2700 1576 3150">
    <p class='ocr_par' dir='ltr' id='par_1_6' title="bbox 344 2700 1576 2903">
     <span class='ocr_line' id='line_1_20' title="bbox 410 2700 1576 2791; baseline -0.003 -22"><span class='ocrx_word' id='word_1_194' title='bbox 410 2704 453 2769; x_wconf 89' lang='lat' dir='ltr'>Et</span> <span class='ocrx_word' id='word_1_195' title='bbox 469 2702 504 2769; x_wconf 91' lang='lat' dir='ltr'>di</span> <span class='ocrx_word' id='word_1_196' title='bbox 519 2711 643 2787; x_wconf 86' lang='lat' dir='ltr'>questo</span> <span class='ocrx_word' id='word_1_197' title='bbox 657 2722 727 2767; x_wconf 91' lang='lat' dir='ltr'>non</span> <span class='ocrx_word' id='word_1_198' title='bbox 743 2701 831 2769; x_wconf 91' lang='lat' dir='ltr'>altro</span> <span class='ocrx_word' id='word_1_199' title='bbox 845 2702 934 2783; x_wconf 81' lang='lat' dir='ltr'>diro,</span> <span class='ocrx_word' id='word_1_200' title='bbox 952 2725 994 2783; x_wconf 79' lang='lat' dir='ltr'>se</span> <span class='ocrx_word' id='word_1_201' title='bbox 1008 2724 1078 2769; x_wconf 91' lang='lat' dir='ltr'>non</span> <span class='ocrx_word' id='word_1_202' title='bbox 1100 2724 1246 2789; x_wconf 86' lang='lat' dir='ltr'>pregare</span> <span class='ocrx_word' id='word_1_203' title='bbox 1262 2704 1348 2791; x_wconf 81' lang='lat' dir='ltr'>Jesb</span> <span class='ocrx_word' id='word_1_204' title='bbox 1369 2700 1435 2768; x_wconf 88' lang='lat' dir='ltr'>X.⁰</span> <span class='ocrx_word' id='word_1_205' title='bbox 1456 2700 1576 2787; x_wconf 84' lang='lat' dir='ltr'>signor</span> 
     </span>
     <span class='ocr_line' id='line_1_21' title="bbox 344 2815 1570 2903; baseline 0 -20"><span class='ocrx_word' id='word_1_206' title='bbox 344 2828 464 2885; x_wconf 90' lang='lat' dir='ltr'>nostro</span> <span class='ocrx_word' id='word_1_207' title='bbox 481 2818 530 2884; x_wconf 88' lang='lat' dir='ltr'>sia</span> <span class='ocrx_word' id='word_1_208' title='bbox 546 2838 681 2903; x_wconf 88' lang='lat' dir='ltr'>sempre</span> <span class='ocrx_word' id='word_1_209' title='bbox 697 2815 732 2883; x_wconf 92' lang='lat' dir='ltr'>in</span> <span class='ocrx_word' id='word_1_210' title='bbox 750 2816 896 2903; x_wconf 73' lang='lat' dir='ltr'>aggiuto</span> <span class='ocrx_word' id='word_1_211' title='bbox 911 2830 947 2885; x_wconf 89' lang='lat' dir='ltr'>et</span> <span class='ocrx_word' id='word_1_212' title='bbox 963 2818 1063 2885; x_wconf 85' lang='lat' dir='ltr'>fauor</span> <span class='ocrx_word' id='word_1_213' title='bbox 1079 2829 1197 2885; x_wconf 89' lang='lat' dir='ltr'>nostro</span> <span class='ocrx_word' id='word_1_214' title='bbox 1212 2819 1257 2887; x_wconf 92' lang='lat' dir='ltr'>de</span> <span class='ocrx_word' id='word_1_215' title='bbox 1273 2816 1354 2885; x_wconf 90' lang='lat' dir='ltr'>tutti</span> <span class='ocrx_word' id='word_1_216' title='bbox 1372 2817 1441 2884; x_wconf 90' lang='lat' dir='ltr'>noi.</span> <span class='ocrx_word' id='word_1_217' title='bbox 1537 2874 1540 2878; x_wconf 94' lang='lat'>.</span> <span class='ocrx_word' id='word_1_218' title='bbox 1566 2850 1570 2857; x_wconf 89' lang='lat'><strong>·</strong></span> 
     </span>
    </p>

    <p class='ocr_par' dir='ltr' id='par_1_7' title="bbox 411 2933 1032 3017">
     <span class='ocr_line' id='line_1_22' title="bbox 411 2933 1032 3017; baseline 0.006 -18"><span class='ocrx_word' id='word_1_219' title='bbox 411 2935 464 3000; x_wconf 87' lang='lat' dir='ltr'>De</span> <span class='ocrx_word' id='word_1_220' title='bbox 481 2934 591 3000; x_wconf 89' lang='lat' dir='ltr'>Roma</span> <span class='ocrx_word' id='word_1_221' title='bbox 608 2952 651 3017; x_wconf 79' lang='lat'>30</span> <span class='ocrx_word' id='word_1_222' title='bbox 666 2933 702 2999; x_wconf 92' lang='lat' dir='ltr'>di</span> <span class='ocrx_word' id='word_1_223' title='bbox 719 2934 913 3002; x_wconf 85' lang='lat' dir='ltr'>Decembre</span> <span class='ocrx_word' id='word_1_224' title='bbox 933 2948 1032 3017; x_wconf 83' lang='lat'>1553.</span> 
     </span>
    </p>

    <p class='ocr_par' dir='ltr' id='par_1_8' title="bbox 409 3048 1275 3150">
     <span class='ocr_line' id='line_1_23' title="bbox 409 3048 1275 3150; baseline 0.001 -35"><span class='ocrx_word' id='word_1_225' title='bbox 409 3050 606 3134; x_wconf 81' lang='lat' dir='ltr'>Inscriptio.</span> <span class='ocrx_word' id='word_1_226' title='bbox 627 3052 694 3117; x_wconf 87' lang='lat' dir='ltr'>Per</span> <span class='ocrx_word' id='word_1_227' title='bbox 709 3048 733 3114; x_wconf 92' lang='lat' dir='ltr'>il</span> <span class='ocrx_word' id='word_1_228' title='bbox 746 3048 934 3118; x_wconf 80' lang='lat' dir='ltr'>rnedssimo</span> <span class='ocrx_word' id='word_1_229' title='bbox 950 3048 1074 3150; x_wconf 51' lang='lat' dir='ltr'>[Mtro3</span> <span class='ocrx_word' id='word_1_230' title='bbox 1089 3048 1275 3138; x_wconf 65' lang='lat' dir='ltr'>Philippoi</span> 
     </span>
    </p>
   </div>
   <div class='ocr_carea' id='block_1_6' title="bbox 642 3228 1279 3430">
    <p class='ocr_par' dir='ltr' id='par_1_9' title="bbox 642 3228 1279 3430">
     <span class='ocr_line' id='line_1_24' title="bbox 928 3228 1022 3310; baseline -0.021 0"><span class='ocrx_word' id='word_1_231' title='bbox 928 3228 1022 3310; x_wconf 72' lang='lat'>4⁰21</span> 
     </span>
     <span class='ocr_line' id='line_1_25' title="bbox 642 3360 1279 3430; baseline 0.003 -3"><span class='ocrx_word' id='word_1_232' title='bbox 642 3362 781 3428; x_wconf 89' lang='lat' dir='ltr'><strong>PATRI</strong></span> <span class='ocrx_word' id='word_1_233' title='bbox 805 3360 1073 3430; x_wconf 89' lang='lat' dir='ltr'><strong>FRANCISCO</strong></span> <span class='ocrx_word' id='word_1_234' title='bbox 1097 3360 1279 3429; x_wconf 86' lang='lat' dir='ltr'>PALMIO</span> 
     </span>
    </p>
   </div>
   <div class='ocr_carea' id='block_1_7' title="bbox 734 3482 1186 3555">
    <p class='ocr_par' dir='ltr' id='par_1_10' title="bbox 734 3482 1186 3555">
     <span class='ocr_line' id='line_1_26' title="bbox 734 3482 1186 3555; baseline 0 -14"><span class='ocrx_word' id='word_1_235' title='bbox 734 3498 824 3542; x_wconf 72' lang='lat' dir='ltr'>noun</span> <span class='ocrx_word' id='word_1_236' title='bbox 836 3482 872 3539; x_wconf 82' lang='lat'>30</span> <span class='ocrx_word' id='word_1_237' title='bbox 885 3496 1065 3541; x_wconf 76' lang='lat' dir='ltr'>necationis</span> <span class='ocrx_word' id='word_1_238' title='bbox 1081 3484 1151 3555; x_wconf 83' lang='lat'>1553</span> <span class='ocrx_word' id='word_1_239' title='bbox 1165 3485 1186 3541; x_wconf 80' lang='grc'>·.</span> 
     </span>
    </p>
   </div>
   <div class='ocr_carea' id='block_1_8' title="bbox 345 3620 1580 3962">
    <p class='ocr_par' dir='ltr' id='par_1_11' title="bbox 345 3620 1580 3962">
     <span class='ocr_line' id='line_1_27' title="bbox 345 3620 1580 3692; baseline 0.001 -16"><span class='ocrx_word' id='word_1_240' title='bbox 345 3620 525 3691; x_wconf 75' lang='lat' dir='ltr'>Superiores</span> <span class='ocrx_word' id='word_1_241' title='bbox 538 3620 659 3675; x_wconf 75' lang='lat' dir='ltr'>litteras</span> <span class='ocrx_word' id='word_1_242' title='bbox 672 3620 1041 3685; x_wconf 76' lang='lat' dir='ltr'>meminit-Guerricus,</span> <span class='ocrx_word' id='word_1_243' title='bbox 1055 3620 1264 3692; x_wconf 76' lang='lat' dir='ltr'>vitasunctus,</span> <span class='ocrx_word' id='word_1_244' title='bbox 1279 3622 1430 3676; x_wconf 86' lang='lat' dir='ltr'>sociorum</span> <span class='ocrx_word' id='word_1_245' title='bbox 1440 3620 1580 3692; x_wconf 71' lang='lat' dir='ltr'>precibus</span> 
     </span>
     <span class='ocr_line' id='line_1_28' title="bbox 397 3708 1578 3783; baseline 0.001 -18"><span class='ocrx_word' id='word_1_246' title='bbox 397 3708 723 3769; x_wconf 82' lang='lat' dir='ltr'>commendatur.-De</span> <span class='ocrx_word' id='word_1_247' title='bbox 730 3708 854 3781; x_wconf 84' lang='lat' dir='ltr'>Joarme</span> <span class='ocrx_word' id='word_1_248' title='bbox 867 3710 942 3765; x_wconf 75' lang='grc' dir='ltr'><strong><em>Βία.</em></strong></span> <span class='ocrx_word' id='word_1_249' title='bbox 960 3710 1055 3778; x_wconf 57' lang='lat' dir='ltr'>linio,</span> <span class='ocrx_word' id='word_1_250' title='bbox 1071 3711 1108 3765; x_wconf 80' lang='lat' dir='ltr'>de</span> <span class='ocrx_word' id='word_1_251' title='bbox 1119 3710 1266 3765; x_wconf 79' lang='lat' dir='ltr'>Silvestre</span> <span class='ocrx_word' id='word_1_252' title='bbox 1281 3710 1421 3765; x_wconf 68' lang='lat' dir='ltr'>landino</span> <span class='ocrx_word' id='word_1_253' title='bbox 1430 3710 1578 3783; x_wconf 76' lang='lat' dir='ltr'>hujusque</span> 
     </span>
     <span class='ocr_line' id='line_1_29' title="bbox 397 3798 1580 3871; baseline 0.003 -18"><span class='ocrx_word' id='word_1_254' title='bbox 397 3799 696 3871; x_wconf 81' lang='lat' dir='ltr'>socin.-Adjunctns</span> <span class='ocrx_word' id='word_1_255' title='bbox 709 3800 829 3854; x_wconf 82' lang='lat' dir='ltr'>litteras</span> <span class='ocrx_word' id='word_1_256' title='bbox 835 3799 964 3871; x_wconf 86' lang='lat' dir='ltr'>jubetur</span> <span class='ocrx_word' id='word_1_257' title='bbox 978 3800 1130 3856; x_wconf 81' lang='lat' dir='ltr'>Mutinam</span> <span class='ocrx_word' id='word_1_258' title='bbox 1144 3798 1378 3871; x_wconf 73' lang='lat' dir='ltr'>dirigere-De</span> <span class='ocrx_word' id='word_1_259' title='bbox 1389 3800 1477 3855; x_wconf 85' lang='lat' dir='ltr'>rebus</span> <span class='ocrx_word' id='word_1_260' title='bbox 1494 3800 1580 3856; x_wconf 84' lang='lat' dir='ltr'>borto-</span> 
     </span>
     <span class='ocr_line' id='line_1_30' title="bbox 397 3887 1450 3962; baseline 0.003 -20"><span class='ocrx_word' id='word_1_261' title='bbox 397 3888 561 3954; x_wconf 70' lang='lat' dir='ltr'>aiensibus,</span> <span class='ocrx_word' id='word_1_262' title='bbox 570 3888 710 3960; x_wconf 76' lang='lat' dir='ltr'>feliciter</span> <span class='ocrx_word' id='word_1_263' title='bbox 722 3890 962 3957; x_wconf 74' lang='lat' dir='ltr'>decurrentibus,</span> <span class='ocrx_word' id='word_1_264' title='bbox 972 3890 1090 3961; x_wconf 81' lang='lat' dir='ltr'>gaudet</span> <span class='ocrx_word' id='word_1_265' title='bbox 1104 3887 1226 3961; x_wconf 80' lang='lat' dir='ltr'>Deoque</span> <span class='ocrx_word' id='word_1_266' title='bbox 1234 3890 1360 3962; x_wconf 80' lang='lat' dir='ltr'>gratius</span> <span class='ocrx_word' id='word_1_267' title='bbox 1372 3891 1450 3962; x_wconf 80' lang='lat' dir='ltr'>agit.</span> 
     </span>
    </p>
   </div>
   <div class='ocr_carea' id='block_1_9' title="bbox 412 4022 1580 4209">
    <p class='ocr_par' dir='ltr' id='par_1_12' title="bbox 412 4022 1580 4209">
     <span class='ocr_line' id='line_1_31' title="bbox 414 4022 560 4091; baseline 0 0"><span class='ocrx_word' id='word_1_268' title='bbox 414 4026 487 4091; x_wconf 84' lang='lat' dir='ltr'>Pax</span> <span class='ocrx_word' id='word_1_269' title='bbox 504 4022 560 4091; x_wconf 87' lang='lat' dir='ltr'>X.i</span> 
     </span>
     <span class='ocr_line' id='line_1_32' title="bbox 412 4139 1580 4209; baseline 0.002 -2"><span class='ocrx_word' id='word_1_270' title='bbox 412 4139 451 4207; x_wconf 90' lang='lat' dir='ltr'>L&#39;</span> <span class='ocrx_word' id='word_1_271' title='bbox 463 4142 549 4208; x_wconf 85' lang='lat' dir='ltr'>altra</span> <span class='ocrx_word' id='word_1_272' title='bbox 561 4140 743 4207; x_wconf 87' lang='lat' dir='ltr'>settimana</span> <span class='ocrx_word' id='word_1_273' title='bbox 755 4140 957 4207; x_wconf 89' lang='lat' dir='ltr'>scriuesimo</span> <span class='ocrx_word' id='word_1_274' title='bbox 969 4141 1164 4206; x_wconf 90' lang='lat' dir='ltr'>mandando</span> <span class='ocrx_word' id='word_1_275' title='bbox 1174 4142 1207 4207; x_wconf 89' lang='lat' dir='ltr'>le</span> <span class='ocrx_word' id='word_1_276' title='bbox 1219 4140 1434 4207; x_wconf 89' lang='lat' dir='ltr'>conclusioni</span> <span class='ocrx_word' id='word_1_277' title='bbox 1446 4152 1482 4207; x_wconf 92' lang='lat' dir='ltr'>et</span> <span class='ocrx_word' id='word_1_278' title='bbox 1493 4140 1580 4209; x_wconf 86' lang='lat' dir='ltr'>altre</span> 
     </span>
    </p>
   </div>
   <div class='ocr_carea' id='block_1_10' title="bbox 346 4255 1577 4366">
    <p class='ocr_par' dir='ltr' id='par_1_13' title="bbox 346 4255 1577 4366">
     <span class='ocr_line' id='line_1_33' title="bbox 346 4255 1577 4366; baseline 0.002 -45"><span class='ocrx_word' id='word_1_279' title='bbox 346 4256 443 4342; x_wconf 90' lang='lat' dir='ltr'>copie</span> <span class='ocrx_word' id='word_1_280' title='bbox 458 4256 546 4324; x_wconf 85' lang='lat' dir='ltr'>delle</span> <span class='ocrx_word' id='word_1_281' title='bbox 562 4258 683 4325; x_wconf 87' lang='lat' dir='ltr'>lettere</span> <span class='ocrx_word' id='word_1_282' title='bbox 698 4258 787 4325; x_wconf 88' lang='lat' dir='ltr'>della</span> <span class='ocrx_word' id='word_1_283' title='bbox 800 4257 900 4366; x_wconf 73' lang='lat' dir='ltr'>india</span> <span class='ocrx_word' id='word_1_284' title='bbox 912 4257 937 4322; x_wconf 82' lang='lat'>¹.</span> <span class='ocrx_word' id='word_1_285' title='bbox 957 4258 1090 4342; x_wconf 82' lang='lat' dir='ltr'>Questa</span> <span class='ocrx_word' id='word_1_286' title='bbox 1107 4258 1126 4323; x_wconf 78' lang='grc' dir='ltr'>ὁ</span> <span class='ocrx_word' id='word_1_287' title='bbox 1142 4278 1203 4343; x_wconf 87' lang='lat' dir='ltr'>per</span> <span class='ocrx_word' id='word_1_288' title='bbox 1219 4256 1456 4324; x_wconf 85' lang='lat' dir='ltr'>ricomandare</span> <span class='ocrx_word' id='word_1_289' title='bbox 1471 4255 1495 4322; x_wconf 91' lang='lat' dir='ltr'>il</span> <span class='ocrx_word' id='word_1_290' title='bbox 1509 4256 1577 4324; x_wconf 83' lang='lat' dir='ltr'>fra-</span> 
     </span>
    </p>
   </div>
   <div class='ocr_carea' id='block_1_11' title="bbox 346 4452 1578 4613">
    <p class='ocr_par' dir='ltr' id='par_1_14' title="bbox 346 4452 1578 4613">
     <span class='ocr_line' id='line_1_34' title="bbox 398 4452 1578 4526; baseline 0.002 -20"><span class='ocrx_word' id='word_1_291' title='bbox 398 4458 409 4487; x_wconf 85' lang='lat'><strong>¹</strong></span> <span class='ocrx_word' id='word_1_292' title='bbox 447 4453 533 4507; x_wconf 82' lang='lat' dir='ltr'>«Fuit</span> <span class='ocrx_word' id='word_1_293' title='bbox 550 4460 649 4509; x_wconf 87' lang='lat' dir='ltr'>autem</span> <span class='ocrx_word' id='word_1_294' title='bbox 668 4454 700 4511; x_wconf 92' lang='lat' dir='ltr'>P.</span> <span class='ocrx_word' id='word_1_295' title='bbox 720 4452 874 4525; x_wconf 86' lang='lat' dir='ltr'>Philippus</span> <span class='ocrx_word' id='word_1_296' title='bbox 892 4454 1002 4509; x_wconf 84' lang='lat' dir='ltr'>Rector</span> <span class='ocrx_word' id='word_1_297' title='bbox 1023 4471 1090 4509; x_wconf 89' lang='lat' dir='ltr'>eum</span> <span class='ocrx_word' id='word_1_298' title='bbox 1110 4455 1198 4526; x_wconf 84' lang='lat' dir='ltr'>plena</span> <span class='ocrx_word' id='word_1_299' title='bbox 1215 4452 1355 4510; x_wconf 78' lang='lat' dir='ltr'>facultate</span> <span class='ocrx_word' id='word_1_300' title='bbox 1369 4452 1578 4510; x_wconf 78' lang='lat' dir='ltr'>constitutus.»</span> 
     </span>
     <span class='ocr_line' id='line_1_35' title="bbox 346 4540 817 4613; baseline 0 -16"><span class='ocrx_word' id='word_1_301' title='bbox 346 4542 528 4613; x_wconf 73' lang='lat' dir='ltr'>Pociucus,</span> <span class='ocrx_word' id='word_1_302' title='bbox 545 4540 737 4609; x_wconf 80' lang='lat' dir='ltr'>Chron.,111,</span> <span class='ocrx_word' id='word_1_303' title='bbox 756 4547 817 4597; x_wconf 75' lang='lat'>101.</span> 
     </span>
    </p>
   </div>
   <div class='ocr_carea' id='block_1_12' title="bbox 398 4684 1408 4759">
    <p class='ocr_par' dir='ltr' id='par_1_15' title="bbox 398 4684 1408 4759">
     <span class='ocr_line' id='line_1_36' title="bbox 398 4684 1408 4759; baseline 0.004 -20"><span class='ocrx_word' id='word_1_304' title='bbox 398 4688 409 4733; x_wconf 48' lang='lat'>¹,</span> <span class='ocrx_word' id='word_1_305' title='bbox 445 4686 489 4739; x_wconf 85' lang='lat' dir='ltr'>Ex</span> <span class='ocrx_word' id='word_1_306' title='bbox 502 4684 605 4740; x_wconf 88' lang='lat' dir='ltr'>codice</span> <span class='ocrx_word' id='word_1_307' title='bbox 622 4686 738 4759; x_wconf 84' lang='lat' dir='ltr'>Regest.</span> <span class='ocrx_word' id='word_1_308' title='bbox 754 4688 797 4755; x_wconf 88' lang='lat' dir='ltr'>II,</span> <span class='ocrx_word' id='word_1_309' title='bbox 810 4686 862 4742; x_wconf 90' lang='lat' dir='ltr'>fol.</span> <span class='ocrx_word' id='word_1_310' title='bbox 878 4700 943 4746; x_wconf 87' lang='lat' dir='ltr'>21v.</span> <span class='ocrx_word' id='word_1_311' title='bbox 1018 4689 1029 4722; x_wconf 80' lang='lat'><strong>¹</strong></span> <span class='ocrx_word' id='word_1_312' title='bbox 1066 4686 1143 4741; x_wconf 88' lang='lat' dir='ltr'>Vide</span> <span class='ocrx_word' id='word_1_313' title='bbox 1156 4687 1312 4758; x_wconf 86' lang='lat' dir='ltr'>epistolam</span> <span class='ocrx_word' id='word_1_314' title='bbox 1325 4703 1408 4758; x_wconf 86' lang='lat'><strong>4000.</strong></span> 
     </span>
    </p>
   </div>
   <div class='ocr_carea' id='block_1_13' title="bbox 0 0 1792 5409">
    <p class='ocr_par' dir='ltr' id='par_1_16' title="bbox 0 0 1792 5409">
     <span class='ocr_line' id='line_1_37' title="bbox 0 0 1792 5409; baseline 0 0"><span class='ocrx_word' id='word_1_315' title='bbox 0 0 1792 5409; x_wconf 95' lang='lat' dir='ltr'> </span> 
     </span>
    </p>
   </div>
  </div>
 </body>
</html>
