3567 5409
786 529 1017 586 Ἧοττυιτετττ
1039 531 1223 595 leiim-mxii

970 713 1065 792 4421

512 954 515 959 ¹
612 853 752 919 ΡΑττττ
775 854 963 941 JACOBO
989 852 1153 920 LA1N10
1178 854 1239 918 Ex
1263 806 1419 919 eom.

840 990 928 1033 noui
949 976 966 1031 3
985 990 1055 1043 uni
1077 990 1146 1046 1554
1166 979 1186 1029 ¹.

392 1095 539 1151 Ducissae
554 1094 737 1161 Florentiae,
755 1094 900 1147 Latinium
914 1094 1062 1161 evocanti,
1078 1110 1141 1147 mos
1155 1094 1312 1161 gerendus
1331 1075 1463 1149 iiidetur.
1473 1094 1607 1148 -Im'iz‘um

443 1183 566 1255 collegii
575 1183 738 1253 genuensis
749 1184 908 1254 paulisper
927 1180 1089 1253 differtm.
1101 1182 1406 1237 -Mediolamnsibns
1425 1182 1610 1237 obsecundabi-

443 1277 508 1339 tm,
523 1272 654 1327 maxime
667 1274 704 1338 si,
719 1277 753 1326 ut
760 1272 882 1341 fertur,
897 1272 971 1327 illuc
978 1271 1115 1345 Jocmnes
1136 1272 1217 1345 Vaga
1230 1272 1411 1327 destinetur.

465 1394 536 1457 Pax
554 1390 698 1457 Christi.

457 1505 642 1573 Riceuemo
664 1506 778 1591 quelle
803 1507 847 1572 de
873 1507 917 1571 26
939 1506 994 1573 del
1015 1518 1164 1591 passato.
1191 1508 1233 1573 Et
1255 1517 1386 1590 quanto
1407 1506 1439 1573 al
1464 1506 1608 1571 audardi

390 1623 433 1689 V.
453 1624 495 1687 R.
515 1644 535 1685 a
552 1622 707 1703 Firenze,
725 1645 745 1688 a
761 1624 805 1689 N.
827 1625 866 1689 P.
891 1644 973 1709 pare
995 1624 1061 1687 che
1082 1622 1266 1709 compisca,
1291 1624 1441 1690 secondo
1462 1623 1482 1686 l’
1503 1620 1609 1688 ordine

287 1727 292 1739 “
390 1739 434 1805 de
451 1738 482 1803 la
497 1737 637 1823 signora
652 1738 822 1805 duchessa
837 1740 863 1817 ²,
889 1738 1047 1804 massirne
1070 1739 1256 1805 vedendosi
1278 1736 1343 1805 che
1363 1737 1392 1823 §i
1415 1745 1533 1807 muo‘ue
1553 1756 1608 1803 con

391 1844 544 1938 ragione,
562 1853 798 1919 auicinandosi
813 1852 837 1917 il
855 1865 970 1939 tempo
986 1854 1041 1920 del
1059 1876 1122 1919 suo
1136 1853 1313 1939 partorire.

457 1970 496 2035 L’
514 1971 600 2037 altra
615 1972 799 2039 settimana
814 1970 843 2037 si
859 1969 983 2036 scrisse
1000 1992 1019 2035 a
1038 1970 1080 2035 V.
1100 1971 1142 2038 R.
1162 1972 1172 2001 ³
1190 1991 1288 2037 come
1307 1992 1365 2055 ρετ
1387 1981 1503 2054 questa
1525 1968 1609 2036 stade

390 2104 458 2149 non
476 2083 503 2148 si
522 2106 565 2169 po
582 2085 725 2150 mandar
740 2086 773 2150 la
788 2096 894 2171 gente
910 2084 998 2151 costi
1017 2106 1076 2170 per
1096 2085 1157 2150 dar
1179 2084 1344 2171 principio
1366 2086 1398 2151 al
1421 2084 1559 2171 colegio,
1580 2096 1610 2150 et

358 2289 360 2292 Ι
389 2178 486 2265 εὸτττε
503 2198 527 2264 il
545 2202 584 2265 P.
604 2202 805 2274 Salmerone
821 2202 933 2267 anche
949 2222 1007 2266 era
1029 2200 1132 2266 molto
1153 2201 1346 2266 necessario
1368 2200 1402 2265 in
1426 2199 1553 2286 Napoli.
1574 2199 1604 2267 Si

387 2319 453 2381 che
468 2315 589 2383 cotesti
605 2314 736 2401 signori
751 2316 919 2403 genouesi
936 2319 1135 2384 haueranno
1152 2338 1197 2381 vn
1216 2336 1300 2401 poco
1316 2316 1350 2383 di
1374 2316 1537 2403 pacientia
1560 2336 1611 2401 per

389 2430 500 2516 questi
514 2431 618 2516 pochi
632 2432 728 2510 mesi,
743 2444 779 2499 et
791 2431 1007 2518 piglieranno
1019 2432 1101 2518 ogni
1116 2453 1199 2499 cosa
1213 2453 1274 2519 per
1287 2433 1319 2497 lo
1332 2432 1473 2519 meglio,
1487 2432 1513 2499 si
1527 2452 1611 2497 come

390 2545 448 2612 noi
466 2543 525 2629 qui
542 2544 774 2631 giudichiamo
789 2547 940 2615 secondo
956 2547 987 2613 le
1004 2545 1136 2632 ragioni
1153 2551 1217 2616 che
1234 2569 1294 2633 per
1311 2550 1332 2613 l’
1351 2548 1438 2615 altra
1455 2548 1482 2613 si
1494 2548 1610 2613 dissero

389 2684 409 2727 a
429 2663 471 2727 V.
495 2664 536 2730 R.
651 2640 675 2722 s

456 2779 599 2862 Quanto
624 2778 687 2843 alla
714 2776 874 2843 richiesta
899 2779 964 2844 che
987 2778 1090 2845 fanno
1118 2779 1222 2864 quelli
1249 2780 1292 2847 de
1319 2780 1449 2851 Milano
1475 2792 1499 2857 ⁸,
1524 2800 1610 2864 passe

388 2893 476 2959 bene
489 2892 547 2977 qui
564 2895 595 2958 la
612 2894 756 2978 risposta
773 2896 837 2961 che
859 2895 902 2961 V.
928 2896 968 2961 R.
993 2894 1041 2977 gli
1062 2895 1173 2963 diede.
1198 2898 1240 2961 Et
1262 2918 1298 2963 se
1320 2899 1397 2961 sarssa
1418 2916 1484 2961 con
1506 2896 1609 2961 effetto

388 3011 502 3092 quello
519 3012 582 3073 che
598 3008 657 3092 qui
673 3009 701 3075 si
718 3010 736 3075 ὲ
753 3010 860 3089 detto,
878 3013 945 3078 che
960 3008 983 3075 il
1000 3010 1118 3097 signor
1135 3012 1272 3078 Giouan
1290 3011 1324 3077 di
1339 3013 1438 3097 Vega
1452 3011 1569 3077 habbia
1580 3012 1609 3074 d'

388 3126 506 3191 andar'
534 3147 593 3209 per
616 3140 861 3210 gouernatore,
887 3130 965 3194 sarii
988 3130 1091 3193 molta
1116 3127 1336 3213 opportunitii
1359 3128 1392 3192 di
1416 3126 1564 3193 mettersi
1581 3126 1610 3189 in

388 3243 508 3323 effetto
524 3243 571 3307 tal
587 3263 702 3326 opera,
727 3243 886 3311 massime
908 3245 986 3324 che,
1009 3265 1047 3311 se
1068 3244 1122 3311 εἰὸ
1145 3244 1234 3324 sari,
1259 3246 1297 3313 S.
1321 3245 1360 3309 E.
1385 3243 1521 3311 meneri
1541 3262 1611 3309 seco

389 3357 503 3421 alcuni
522 3356 623 3422 Padri
639 3358 728 3424 della
745 3358 972 3446 Compagnia,
992 3359 1003 3425 i
1019 3360 1110 3444 quali
1129 3362 1326 3427 vederanno
1342 3361 1420 3444 quel
1438 3361 1501 3427 che
1517 3358 1543 3424 si
1559 3379 1611 3443 ρο-

391 3472 442 3537 ῐτὲι
462 3473 546 3552 fare,
561 3486 627 3538 etc.

456 3590 510 3655 De
524 3590 631 3654 Roma
650 3610 669 3672 3
686 3591 729 3655 de
746 3592 849 3675 Mayo
870 3608 965 3674 1554.

455 3707 652 3789 Inscriptio.
671 3707 831 3773 Genoua.
851 3710 955 3776 th.
976 3710 1124 3793 Laynez.

438 3923 452 3950 ⁸
491 3909 607 3964 Melano
619 3928 677 3968 ms.

392 4026 602 4039 ——-.—-.-,-

444 4104 449 4132 ¹
489 4101 532 4153 Ex
547 4100 649 4154 codice
665 4100 782 4169 Regesl.
800 4101 842 4168 H,
856 4099 907 4156 fol.
923 4114 1004 4156 Ioov.

441 4190 456 4223 ¹
491 4190 635 4243 Eleonora
648 4188 685 4243 de
696 4190 812 4245 Toleto.

445 4279 458 4358 ³.
494 4278 645 4350 Epistolae
659 4278 730 4348 4398
743 4289 773 4334 et
786 4278 867 4349 4399.
