<?xml version="1.0" encoding="UTF-8"?>
<!DOCTYPE html PUBLIC "-//W3C//DTD XHTML 1.0 Transitional//EN"
    "http://www.w3.org/TR/xhtml1/DTD/xhtml1-transitional.dtd">
<html xmlns="http://www.w3.org/1999/xhtml" xml:lang="en" lang="en">
 <head>
  <title>
</title>
<meta http-equiv="Content-Type" content="text/html;charset=utf-8" />
  <meta name='ocr-system' content='tesseract 3.04.00' />
  <meta name='ocr-capabilities' content='ocr_page ocr_carea ocr_par ocr_line ocrx_word'/>
</head>
<body>
  <div class='ocr_page' id='page_1' title='image "./monumentaignati01ignagoog_0032.png"; bbox 0 0 3567 5409; ppageno 0'>
   <div class='ocr_carea' id='block_1_1' title="bbox 398 458 1183 515">
    <p class='ocr_par' dir='ltr' id='par_1_1' title="bbox 398 458 1183 515">
     <span class='ocr_line' id='line_1_1' title="bbox 398 458 1183 515; baseline -0.004 0"><span class='ocrx_word' id='word_1_1' title='bbox 398 461 433 515; x_wconf 79' lang='lat'><strong>26</strong></span> <span class='ocrx_word' id='word_1_2' title='bbox 771 458 979 515; x_wconf 71' lang='lat' dir='ltr'><strong>Mouuusnrn</strong></span> <span class='ocrx_word' id='word_1_3' title='bbox 1003 458 1183 513; x_wconf 69' lang='lat' dir='ltr'><strong>Isauriam</strong></span> 
     </span>
    </p>
   </div>
   <div class='ocr_carea' id='block_1_2' title="bbox 362 607 1592 1394">
    <p class='ocr_par' dir='ltr' id='par_1_2' title="bbox 362 607 1592 1394">
     <span class='ocr_line' id='line_1_2' title="bbox 364 607 1589 698; baseline -0.003 -19"><span class='ocrx_word' id='word_1_4' title='bbox 364 616 405 679; x_wconf 91' lang='lat' dir='ltr'><strong>P.</strong></span> <span class='ocrx_word' id='word_1_5' title='bbox 423 616 524 681; x_wconf 89' lang='lat' dir='ltr'><strong>Mtro.</strong></span> <span class='ocrx_word' id='word_1_6' title='bbox 548 610 748 681; x_wconf 69' lang='lat' dir='ltr'><strong>Giouanni¹¹</strong></span> <span class='ocrx_word' id='word_1_7' title='bbox 770 612 826 681; x_wconf 90' lang='lat' dir='ltr'><strong>nel</strong></span> <span class='ocrx_word' id='word_1_8' title='bbox 844 610 1005 698; x_wconf 84' lang='lat' dir='ltr'><strong>collegio,</strong></span> <span class='ocrx_word' id='word_1_9' title='bbox 1028 612 1094 677; x_wconf 89' lang='lat' dir='ltr'><strong>che</strong></span> <span class='ocrx_word' id='word_1_10' title='bbox 1112 608 1157 679; x_wconf 86' lang='lat' dir='ltr'><strong>V.</strong></span> <span class='ocrx_word' id='word_1_11' title='bbox 1176 611 1218 677; x_wconf 90' lang='lat' dir='ltr'><strong>R.</strong></span> <span class='ocrx_word' id='word_1_12' title='bbox 1236 610 1270 675; x_wconf 90' lang='lat' dir='ltr'><strong>lo</strong></span> <span class='ocrx_word' id='word_1_13' title='bbox 1290 619 1397 676; x_wconf 88' lang='lat' dir='ltr'><strong>metta</strong></span> <span class='ocrx_word' id='word_1_14' title='bbox 1418 608 1453 675; x_wconf 88' lang='lat' dir='ltr'><strong>in</strong></span> <span class='ocrx_word' id='word_1_15' title='bbox 1475 607 1589 696; x_wconf 81' lang='lat' dir='ltr'><strong>quella</strong></span> 
     </span>
     <span class='ocr_line' id='line_1_3' title="bbox 362 725 1587 815; baseline -0.002 -22"><span class='ocrx_word' id='word_1_16' title='bbox 362 726 540 795; x_wconf 71' lang='lat' dir='ltr'><strong>casa&#39;deiii</strong></span> <span class='ocrx_word' id='word_1_17' title='bbox 561 728 715 815; x_wconf 83' lang='lat' dir='ltr'><strong>giouani,</strong></span> <span class='ocrx_word' id='word_1_18' title='bbox 739 729 784 797; x_wconf 91' lang='lat' dir='ltr'><strong>de</strong></span> <span class='ocrx_word' id='word_1_19' title='bbox 799 728 833 793; x_wconf 86' lang='lat' dir='ltr'><strong>ia</strong></span> <span class='ocrx_word' id='word_1_20' title='bbox 856 729 936 813; x_wconf 89' lang='lat' dir='ltr'><strong>quai</strong></span> <span class='ocrx_word' id='word_1_21' title='bbox 956 729 1001 794; x_wconf 93' lang='lat' dir='ltr'><strong>ha</strong></span> <span class='ocrx_word' id='word_1_22' title='bbox 1022 747 1106 793; x_wconf 93' lang='lat' dir='ltr'><strong>cura</strong></span> <span class='ocrx_word' id='word_1_23' title='bbox 1127 725 1150 791; x_wconf 88' lang='lat' dir='ltr'><strong>ii</strong></span> <span class='ocrx_word' id='word_1_24' title='bbox 1173 729 1214 792; x_wconf 89' lang='lat' dir='ltr'><strong>P.</strong></span> <span class='ocrx_word' id='word_1_25' title='bbox 1232 725 1370 792; x_wconf 90' lang='lat' dir='ltr'><strong>Giouan</strong></span> <span class='ocrx_word' id='word_1_26' title='bbox 1391 726 1587 805; x_wconf 79' lang='lat' dir='ltr'><strong>catalano⁶3</strong></span> 
     </span>
     <span class='ocr_line' id='line_1_4' title="bbox 364 843 1591 929; baseline -0.005 -15"><span class='ocrx_word' id='word_1_27' title='bbox 364 844 500 929; x_wconf 78' lang='lat' dir='ltr'><strong>perche,</strong></span> <span class='ocrx_word' id='word_1_28' title='bbox 518 845 664 911; x_wconf 92' lang='lat' dir='ltr'><strong>essendo</strong></span> <span class='ocrx_word' id='word_1_29' title='bbox 680 846 760 929; x_wconf 85' lang='lat' dir='ltr'><strong>quei</strong></span> <span class='ocrx_word' id='word_1_30' title='bbox 780 845 885 910; x_wconf 84' lang='lat' dir='ltr'><strong>iunco</strong></span> <span class='ocrx_word' id='word_1_31' title='bbox 908 864 1002 910; x_wconf 90' lang='lat' dir='ltr'><strong>nouo</strong></span> <span class='ocrx_word' id='word_1_32' title='bbox 1017 854 1052 921; x_wconf 89' lang='lat' dir='ltr'><strong>et</strong></span> <span class='ocrx_word' id='word_1_33' title='bbox 1072 844 1165 911; x_wconf 92' lang='lat' dir='ltr'><strong>doue</strong></span> <span class='ocrx_word' id='word_1_34' title='bbox 1184 843 1212 909; x_wconf 91' lang='lat' dir='ltr'><strong>si</strong></span> <span class='ocrx_word' id='word_1_35' title='bbox 1237 856 1336 909; x_wconf 89' lang='lat' dir='ltr'><strong>troua</strong></span> <span class='ocrx_word' id='word_1_36' title='bbox 1356 863 1524 910; x_wconf 89' lang='lat' dir='ltr'><strong>concorso</strong></span> <span class='ocrx_word' id='word_1_37' title='bbox 1547 844 1591 908; x_wconf 85' lang='lat' dir='ltr'><strong>de</strong></span> 
     </span>
     <span class='ocr_line' id='line_1_5' title="bbox 362 958 1590 1052; baseline -0.002 -25"><span class='ocrx_word' id='word_1_38' title='bbox 362 972 480 1048; x_wconf 86' lang='lat' dir='ltr'><strong>gente,</strong></span> <span class='ocrx_word' id='word_1_39' title='bbox 499 959 694 1047; x_wconf 85' lang='lat' dir='ltr'><strong>bisogneria</strong></span> <span class='ocrx_word' id='word_1_40' title='bbox 711 960 790 1027; x_wconf 83' lang='lat' dir='ltr'><strong>fossi</strong></span> <span class='ocrx_word' id='word_1_41' title='bbox 809 981 878 1025; x_wconf 93' lang='lat' dir='ltr'><strong>uno</strong></span> <span class='ocrx_word' id='word_1_42' title='bbox 894 960 1086 1052; x_wconf 78' lang='lat' dir='ltr'><strong>sacerdotte</strong></span> <span class='ocrx_word' id='word_1_43' title='bbox 1097 958 1157 1045; x_wconf 80' lang='lat' dir='ltr'><strong>piri</strong></span> <span class='ocrx_word' id='word_1_44' title='bbox 1169 959 1370 1026; x_wconf 88' lang='lat' dir='ltr'><strong>essercitato</strong></span> <span class='ocrx_word' id='word_1_45' title='bbox 1387 958 1420 1025; x_wconf 91' lang='lat' dir='ltr'><strong>in</strong></span> <span class='ocrx_word' id='word_1_46' title='bbox 1437 959 1590 1045; x_wconf 85' lang='lat' dir='ltr'><strong>predica·</strong></span> 
     </span>
     <span class='ocr_line' id='line_1_6' title="bbox 363 1062 1590 1161; baseline -0.002 -19"><span class='ocrx_word' id='word_1_47' title='bbox 363 1098 411 1157; x_wconf 85' lang='lat' dir='ltr'><strong>re,</strong></span> <span class='ocrx_word' id='word_1_48' title='bbox 436 1079 500 1144; x_wconf 92' lang='lat' dir='ltr'><strong>che</strong></span> <span class='ocrx_word' id='word_1_49' title='bbox 522 1096 591 1141; x_wconf 92' lang='lat' dir='ltr'><strong>non</strong></span> <span class='ocrx_word' id='word_1_50' title='bbox 613 1076 630 1143; x_wconf 80' lang='grc' dir='ltr'>ὲ</span> <span class='ocrx_word' id='word_1_51' title='bbox 652 1074 675 1141; x_wconf 84' lang='lat' dir='ltr'><strong>it</strong></span> <span class='ocrx_word' id='word_1_52' title='bbox 697 1076 866 1155; x_wconf 83' lang='lat' dir='ltr'><strong>catalano,</strong></span> <span class='ocrx_word' id='word_1_53' title='bbox 885 1086 920 1145; x_wconf 95' lang='lat' dir='ltr'><strong>et</strong></span> <span class='ocrx_word' id='word_1_54' title='bbox 936 1078 1045 1142; x_wconf 86' lang='lat' dir='ltr'><strong>anche</strong></span> <span class='ocrx_word' id='word_1_55' title='bbox 1065 1074 1124 1161; x_wconf 80' lang='lat' dir='ltr'><strong>piu</strong></span> <span class='ocrx_word' id='word_1_56' title='bbox 1145 1086 1282 1141; x_wconf 89' lang='lat' dir='ltr'><strong>uersato</strong></span> <span class='ocrx_word' id='word_1_57' title='bbox 1303 1075 1339 1141; x_wconf 92' lang='lat' dir='ltr'><strong>in</strong></span> <span class='ocrx_word' id='word_1_58' title='bbox 1360 1062 1590 1141; x_wconf 83' lang='lat' dir='ltr'><strong>confessione.</strong></span> 
     </span>
     <span class='ocr_line' id='line_1_7' title="bbox 363 1190 1592 1278; baseline -0.001 -20"><span class='ocrx_word' id='word_1_59' title='bbox 363 1194 406 1258; x_wconf 91' lang='lat' dir='ltr'><strong>Et</strong></span> <span class='ocrx_word' id='word_1_60' title='bbox 429 1202 655 1277; x_wconf 83' lang='lat' dir='ltr'><strong>quantunque</strong></span> <span class='ocrx_word' id='word_1_61' title='bbox 678 1214 739 1278; x_wconf 89' lang='lat' dir='ltr'><strong>per</strong></span> <span class='ocrx_word' id='word_1_62' title='bbox 762 1190 946 1278; x_wconf 79' lang='lat' dir='ltr'><strong>insegnare</strong></span> <span class='ocrx_word' id='word_1_63' title='bbox 970 1192 1053 1258; x_wconf 81' lang='lat' dir='ltr'><strong>fossi</strong></span> <span class='ocrx_word' id='word_1_64' title='bbox 1075 1192 1108 1257; x_wconf 89' lang='lat' dir='ltr'><strong>al</strong></span> <span class='ocrx_word' id='word_1_65' title='bbox 1129 1191 1304 1277; x_wconf 90' lang='lat' dir='ltr'><strong>proposito</strong></span> <span class='ocrx_word' id='word_1_66' title='bbox 1326 1194 1429 1259; x_wconf 91' lang='lat' dir='ltr'><strong>Mtro.</strong></span> <span class='ocrx_word' id='word_1_67' title='bbox 1452 1190 1592 1259; x_wconf 90' lang='lat' dir='ltr'><strong>Giouan</strong></span> 
     </span>
     <span class='ocr_line' id='line_1_8' title="bbox 362 1307 1592 1394; baseline -0.002 -20"><span class='ocrx_word' id='word_1_68' title='bbox 362 1310 535 1388; x_wconf 85' lang='lat' dir='ltr'><strong>catalano,</strong></span> <span class='ocrx_word' id='word_1_69' title='bbox 561 1328 621 1394; x_wconf 90' lang='lat' dir='ltr'><strong>per</strong></span> <span class='ocrx_word' id='word_1_70' title='bbox 642 1307 753 1393; x_wconf 85' lang='lat' dir='ltr'><strong>questi</strong></span> <span class='ocrx_word' id='word_1_71' title='bbox 775 1307 880 1374; x_wconf 80' lang='lat' dir='ltr'><strong>officii</strong></span> <span class='ocrx_word' id='word_1_72' title='bbox 901 1308 946 1373; x_wconf 93' lang='lat' dir='ltr'><strong>de</strong></span> <span class='ocrx_word' id='word_1_73' title='bbox 967 1307 1121 1393; x_wconf 85' lang='lat' dir='ltr'><strong>predicar</strong></span> <span class='ocrx_word' id='word_1_74' title='bbox 1143 1319 1178 1373; x_wconf 89' lang='lat' dir='ltr'><strong>et</strong></span> <span class='ocrx_word' id='word_1_75' title='bbox 1201 1308 1396 1376; x_wconf 86' lang='lat' dir='ltr'><strong>confessare</strong></span> <span class='ocrx_word' id='word_1_76' title='bbox 1419 1329 1489 1374; x_wconf 93' lang='lat' dir='ltr'><strong>non</strong></span> <span class='ocrx_word' id='word_1_77' title='bbox 1510 1327 1592 1392; x_wconf 91' lang='lat' dir='ltr'><strong>pare</strong></span> 
     </span>
    </p>
   </div>
   <div class='ocr_carea' id='block_1_3' title="bbox 256 1423 1592 1511">
    <p class='ocr_par' dir='ltr' id='par_1_3' title="bbox 256 1423 1592 1511">
     <span class='ocr_line' id='line_1_9' title="bbox 256 1423 1592 1511; baseline -0.004 -18"><span class='ocrx_word' id='word_1_78' title='bbox 256 1484 262 1493; x_wconf 95' lang='lat'><strong>.</strong></span> <span class='ocrx_word' id='word_1_79' title='bbox 354 1440 465 1511; x_wconf 84' lang='lat' dir='ltr'><strong>&#39;possa</strong></span> <span class='ocrx_word' id='word_1_80' title='bbox 481 1423 638 1492; x_wconf 85' lang='lat' dir='ltr'><strong>satisfare</strong></span> <span class='ocrx_word' id='word_1_81' title='bbox 654 1446 700 1489; x_wconf 92' lang='lat' dir='ltr'><strong>un</strong></span> <span class='ocrx_word' id='word_1_82' title='bbox 719 1424 897 1491; x_wconf 79' lang='lat' dir='ltr'>sacerdote</span> <span class='ocrx_word' id='word_1_83' title='bbox 913 1444 1018 1504; x_wconf 92' lang='lat' dir='ltr'><strong>nou0,</strong></span> <span class='ocrx_word' id='word_1_84' title='bbox 1035 1444 1135 1490; x_wconf 92' lang='lat' dir='ltr'><strong>como</strong></span> <span class='ocrx_word' id='word_1_85' title='bbox 1146 1423 1208 1493; x_wconf 90' lang='lat' dir='ltr'><strong>iui.</strong></span> <span class='ocrx_word' id='word_1_86' title='bbox 1226 1424 1263 1491; x_wconf 90' lang='lat' dir='ltr'><strong>Si</strong></span> <span class='ocrx_word' id='word_1_87' title='bbox 1279 1426 1344 1491; x_wconf 86' lang='lat' dir='ltr'><strong>che</strong></span> <span class='ocrx_word' id='word_1_88' title='bbox 1356 1425 1401 1491; x_wconf 91' lang='lat' dir='ltr'><strong>V.</strong></span> <span class='ocrx_word' id='word_1_89' title='bbox 1415 1424 1459 1489; x_wconf 93' lang='lat' dir='ltr'><strong>R.</strong></span> <span class='ocrx_word' id='word_1_90' title='bbox 1477 1424 1511 1488; x_wconf 92' lang='lat' dir='ltr'><strong>lo</strong></span> <span class='ocrx_word' id='word_1_91' title='bbox 1522 1423 1592 1488; x_wconf 87' lang='lat' dir='ltr'><strong>fac-</strong></span> 
     </span>
    </p>
   </div>
   <div class='ocr_carea' id='block_1_4' title="bbox 362 1516 1593 2668">
    <p class='ocr_par' dir='ltr' id='par_1_4' title="bbox 362 1516 1593 2668">
     <span class='ocr_line' id='line_1_10' title="bbox 362 1516 1589 1625; baseline -0.002 -19"><span class='ocrx_word' id='word_1_92' title='bbox 362 1537 415 1607; x_wconf 86' lang='lat' dir='ltr'><strong>eia</strong></span> <span class='ocrx_word' id='word_1_93' title='bbox 432 1538 550 1606; x_wconf 90' lang='lat' dir='ltr'><strong>uenire</strong></span> <span class='ocrx_word' id='word_1_94' title='bbox 566 1540 599 1605; x_wconf 89' lang='lat' dir='ltr'><strong>al</strong></span> <span class='ocrx_word' id='word_1_95' title='bbox 614 1538 761 1625; x_wconf 84' lang='lat' dir='ltr'><strong>collegio</strong></span> <span class='ocrx_word' id='word_1_96' title='bbox 777 1539 811 1605; x_wconf 93' lang='lat' dir='ltr'><strong>di</strong></span> <span class='ocrx_word' id='word_1_97' title='bbox 836 1538 995 1625; x_wconf 84' lang='lat' dir='ltr'><strong>Perogia,</strong></span> <span class='ocrx_word' id='word_1_98' title='bbox 1019 1549 1054 1605; x_wconf 92' lang='lat' dir='ltr'><strong>et</strong></span> <span class='ocrx_word' id='word_1_99' title='bbox 1075 1550 1167 1607; x_wconf 89' lang='lat' dir='ltr'><strong>meta</strong></span> <span class='ocrx_word' id='word_1_100' title='bbox 1183 1536 1249 1606; x_wconf 89' lang='lat' dir='ltr'><strong>nel’</strong></span> <span class='ocrx_word' id='word_1_101' title='bbox 1266 1516 1464 1608; x_wconf 82' lang='lat' dir='ltr'><strong>eremitorio</strong></span> <span class='ocrx_word' id='word_1_102' title='bbox 1487 1541 1589 1607; x_wconf 88' lang='lat' dir='ltr'><strong>Mtr0.</strong></span> 
     </span>
     <span class='ocr_line' id='line_1_11' title="bbox 362 1653 1593 1741; baseline -0.002 -18"><span class='ocrx_word' id='word_1_103' title='bbox 362 1655 536 1723; x_wconf 92' lang='lat' dir='ltr'><strong>Giouanni</strong></span> <span class='ocrx_word' id='word_1_104' title='bbox 559 1656 729 1724; x_wconf 86' lang='lat' dir='ltr'><strong>franceze:</strong></span> <span class='ocrx_word' id='word_1_105' title='bbox 751 1668 786 1722; x_wconf 94' lang='lat' dir='ltr'><strong>et</strong></span> <span class='ocrx_word' id='word_1_106' title='bbox 806 1668 929 1740; x_wconf 87' lang='lat' dir='ltr'><strong>questo</strong></span> <span class='ocrx_word' id='word_1_107' title='bbox 949 1654 1009 1722; x_wconf 83' lang='lat' dir='ltr'><strong>sib</strong></span> <span class='ocrx_word' id='word_1_108' title='bbox 1030 1656 1137 1723; x_wconf 79' lang='lat' dir='ltr'><strong>faccia</strong></span> <span class='ocrx_word' id='word_1_109' title='bbox 1158 1656 1195 1721; x_wconf 92' lang='lat' dir='ltr'><strong>in</strong></span> <span class='ocrx_word' id='word_1_110' title='bbox 1210 1655 1291 1741; x_wconf 83' lang='lat' dir='ltr'><strong>ogni</strong></span> <span class='ocrx_word' id='word_1_111' title='bbox 1313 1655 1429 1735; x_wconf 84' lang='lat' dir='ltr'><strong>modu,</strong></span> <span class='ocrx_word' id='word_1_112' title='bbox 1453 1653 1593 1720; x_wconf 86' lang='lat' dir='ltr'><strong>insin&#39;a</strong></span> 
     </span>
     <span class='ocr_line' id='line_1_12' title="bbox 364 1768 1593 1857; baseline -0.002 -20"><span class='ocrx_word' id='word_1_113' title='bbox 364 1783 460 1837; x_wconf 86' lang='lat' dir='ltr'><strong>tanto</strong></span> <span class='ocrx_word' id='word_1_114' title='bbox 476 1772 544 1839; x_wconf 90' lang='lat' dir='ltr'><strong>che</strong></span> <span class='ocrx_word' id='word_1_115' title='bbox 560 1773 646 1839; x_wconf 89' lang='lat' dir='ltr'><strong>altro</strong></span> <span class='ocrx_word' id='word_1_116' title='bbox 662 1771 713 1837; x_wconf 85' lang='lat' dir='ltr'><strong>sia</strong></span> <span class='ocrx_word' id='word_1_117' title='bbox 729 1782 742 1811; x_wconf 73' lang='lat'><strong>⁶</strong></span> <span class='ocrx_word' id='word_1_118' title='bbox 758 1770 889 1837; x_wconf 81' lang='lat' dir='ltr'><strong>scritto,</strong></span> <span class='ocrx_word' id='word_1_119' title='bbox 909 1773 955 1837; x_wconf 90' lang='lat' dir='ltr'><strong>Et</strong></span> <span class='ocrx_word' id='word_1_120' title='bbox 970 1780 1196 1857; x_wconf 88' lang='lat' dir='ltr'><strong>quantunque</strong></span> <span class='ocrx_word' id='word_1_121' title='bbox 1213 1772 1278 1838; x_wconf 88' lang='lat' dir='ltr'><strong>stia</strong></span> <span class='ocrx_word' id='word_1_122' title='bbox 1297 1770 1333 1836; x_wconf 91' lang='lat' dir='ltr'><strong>in</strong></span> <span class='ocrx_word' id='word_1_123' title='bbox 1349 1792 1429 1836; x_wconf 88' lang='lat' dir='ltr'><strong>casa</strong></span> <span class='ocrx_word' id='word_1_124' title='bbox 1452 1768 1593 1835; x_wconf 89' lang='lat' dir='ltr'><strong>distinta</strong></span> 
     </span>
     <span class='ocr_line' id='line_1_13' title="bbox 364 1885 1589 1968; baseline -0.002 -12"><span class='ocrx_word' id='word_1_125' title='bbox 364 1910 441 1957; x_wconf 86' lang='lat' dir='ltr'><strong>esso</strong></span> <span class='ocrx_word' id='word_1_126' title='bbox 458 1891 561 1957; x_wconf 87' lang='lat' dir='ltr'><strong>Mtro.</strong></span> <span class='ocrx_word' id='word_1_127' title='bbox 578 1886 768 1968; x_wconf 88' lang='lat' dir='ltr'><strong>Giouanni,</strong></span> <span class='ocrx_word' id='word_1_128' title='bbox 788 1886 1042 1953; x_wconf 90' lang='lat' dir='ltr'><strong>nientedimeno</strong></span> <span class='ocrx_word' id='word_1_129' title='bbox 1057 1891 1149 1953; x_wconf 75' lang='lat' dir='ltr'><strong>stara</strong></span> <span class='ocrx_word' id='word_1_130' title='bbox 1164 1910 1185 1952; x_wconf 90' lang='lat' dir='ltr'><strong>a</strong></span> <span class='ocrx_word' id='word_1_131' title='bbox 1201 1885 1398 1954; x_wconf 86' lang='lat' dir='ltr'><strong>obedientia</strong></span> <span class='ocrx_word' id='word_1_132' title='bbox 1417 1885 1452 1951; x_wconf 91' lang='lat' dir='ltr'><strong>di</strong></span> <span class='ocrx_word' id='word_1_133' title='bbox 1469 1887 1512 1951; x_wconf 91' lang='lat' dir='ltr'><strong>V.</strong></span> <span class='ocrx_word' id='word_1_134' title='bbox 1532 1887 1589 1955; x_wconf 86' lang='lat' dir='ltr'><strong>R.:</strong></span> 
     </span>
     <span class='ocr_line' id='line_1_14' title="bbox 363 2002 1592 2090; baseline -0.007 -17"><span class='ocrx_word' id='word_1_135' title='bbox 363 2017 397 2073; x_wconf 90' lang='lat' dir='ltr'><strong>et</strong></span> <span class='ocrx_word' id='word_1_136' title='bbox 419 2002 491 2071; x_wconf 87' lang='lat' dir='ltr'><strong>cosi</strong></span> <span class='ocrx_word' id='word_1_137' title='bbox 513 2006 623 2071; x_wconf 87' lang='lat' dir='ltr'><strong>anche</strong></span> <span class='ocrx_word' id='word_1_138' title='bbox 644 2003 873 2090; x_wconf 87' lang='lat' dir='ltr'><strong>qualsiuoglia</strong></span> <span class='ocrx_word' id='word_1_139' title='bbox 895 2004 983 2069; x_wconf 85' lang='lat' dir='ltr'><strong>altro</strong></span> <span class='ocrx_word' id='word_1_140' title='bbox 1005 2004 1084 2074; x_wconf 89' lang='lat' dir='ltr'><strong>deili</strong></span> <span class='ocrx_word' id='word_1_141' title='bbox 1107 2003 1214 2069; x_wconf 84' lang='lat' dir='ltr'><strong>nostri</strong></span> <span class='ocrx_word' id='word_1_142' title='bbox 1234 2004 1302 2070; x_wconf 91' lang='lat' dir='ltr'><strong>che</strong></span> <span class='ocrx_word' id='word_1_143' title='bbox 1322 2003 1419 2069; x_wconf 87' lang='lat' dir='ltr'><strong>stessi</strong></span> <span class='ocrx_word' id='word_1_144' title='bbox 1441 2002 1476 2066; x_wconf 92' lang='lat' dir='ltr'><strong>in</strong></span> <span class='ocrx_word' id='word_1_145' title='bbox 1497 2002 1592 2067; x_wconf 92' lang='lat' dir='ltr'><strong>detto</strong></span> 
     </span>
     <span class='ocr_line' id='line_1_15' title="bbox 363 2117 1591 2207; baseline 0 -22"><span class='ocrx_word' id='word_1_146' title='bbox 363 2122 480 2207; x_wconf 86' lang='lat' dir='ltr'><strong>luogo.</strong></span> <span class='ocrx_word' id='word_1_147' title='bbox 499 2120 574 2186; x_wconf 92' lang='lat' dir='ltr'><strong>Con</strong></span> <span class='ocrx_word' id='word_1_148' title='bbox 591 2130 714 2203; x_wconf 89' lang='lat' dir='ltr'><strong>questo</strong></span> <span class='ocrx_word' id='word_1_149' title='bbox 732 2119 819 2185; x_wconf 86' lang='lat' dir='ltr'><strong>ueda</strong></span> <span class='ocrx_word' id='word_1_150' title='bbox 835 2120 878 2186; x_wconf 91' lang='lat' dir='ltr'><strong>V.</strong></span> <span class='ocrx_word' id='word_1_151' title='bbox 901 2121 941 2185; x_wconf 89' lang='lat' dir='ltr'><strong>R.</strong></span> <span class='ocrx_word' id='word_1_152' title='bbox 956 2140 995 2187; x_wconf 90' lang='lat' dir='ltr'><strong>se</strong></span> <span class='ocrx_word' id='word_1_153' title='bbox 1011 2118 1099 2185; x_wconf 88' lang='lat' dir='ltr'><strong>saria</strong></span> <span class='ocrx_word' id='word_1_154' title='bbox 1115 2120 1205 2185; x_wconf 89' lang='lat' dir='ltr'><strong>bene</strong></span> <span class='ocrx_word' id='word_1_155' title='bbox 1217 2120 1284 2185; x_wconf 94' lang='lat' dir='ltr'><strong>che</strong></span> <span class='ocrx_word' id='word_1_156' title='bbox 1299 2117 1322 2183; x_wconf 93' lang='lat' dir='ltr'><strong>il</strong></span> <span class='ocrx_word' id='word_1_157' title='bbox 1339 2128 1466 2186; x_wconf 90' lang='lat' dir='ltr'><strong>rettore</strong></span> <span class='ocrx_word' id='word_1_158' title='bbox 1482 2138 1591 2203; x_wconf 76' lang='lat' dir='ltr'><strong>opre</strong></span> 
     </span>
     <span class='ocr_line' id='line_1_16' title="bbox 364 2232 1591 2322; baseline -0.003 -21"><span class='ocrx_word' id='word_1_159' title='bbox 364 2236 473 2322; x_wconf 90' lang='lat' dir='ltr'><strong>posito</strong></span> <span class='ocrx_word' id='word_1_160' title='bbox 494 2235 528 2314; x_wconf 87' lang='lat' dir='ltr'><strong>di</strong></span> <span class='ocrx_word' id='word_1_161' title='bbox 550 2238 630 2321; x_wconf 91' lang='lat' dir='ltr'><strong>quel</strong></span> <span class='ocrx_word' id='word_1_162' title='bbox 652 2236 777 2302; x_wconf 92' lang='lat' dir='ltr'><strong>luocho</strong></span> <span class='ocrx_word' id='word_1_163' title='bbox 797 2235 952 2302; x_wconf 86' lang='lat' dir='ltr'><strong>mandasi</strong></span> <span class='ocrx_word' id='word_1_164' title='bbox 973 2235 996 2299; x_wconf 91' lang='lat' dir='ltr'><strong>li</strong></span> <span class='ocrx_word' id='word_1_165' title='bbox 1017 2235 1200 2302; x_wconf 86' lang='lat' dir='ltr'><strong>scholaria</strong></span> <span class='ocrx_word' id='word_1_166' title='bbox 1227 2234 1375 2320; x_wconf 85' lang='lat' dir='ltr'><strong>Perogia</strong></span> <span class='ocrx_word' id='word_1_167' title='bbox 1395 2234 1426 2301; x_wconf 89' lang='lat' dir='ltr'><strong>al</strong></span> <span class='ocrx_word' id='word_1_168' title='bbox 1443 2232 1591 2319; x_wconf 80' lang='lat' dir='ltr'><strong>collegio</strong></span> 
     </span>
     <span class='ocr_line' id='line_1_17' title="bbox 363 2348 1592 2438; baseline -0.003 -21"><span class='ocrx_word' id='word_1_169' title='bbox 363 2363 481 2418; x_wconf 88' lang='lat' dir='ltr'><strong>nostro</strong></span> <span class='ocrx_word' id='word_1_170' title='bbox 497 2374 558 2438; x_wconf 91' lang='lat' dir='ltr'><strong>per</strong></span> <span class='ocrx_word' id='word_1_171' title='bbox 580 2352 688 2421; x_wconf 89' lang='lat' dir='ltr'><strong>sentir</strong></span> <span class='ocrx_word' id='word_1_172' title='bbox 703 2352 736 2419; x_wconf 91' lang='lat' dir='ltr'><strong>le</strong></span> <span class='ocrx_word' id='word_1_173' title='bbox 760 2350 905 2429; x_wconf 88' lang='lat' dir='ltr'><strong>lettioni,</strong></span> <span class='ocrx_word' id='word_1_174' title='bbox 924 2362 958 2418; x_wconf 89' lang='lat' dir='ltr'><strong>et</strong></span> <span class='ocrx_word' id='word_1_175' title='bbox 981 2355 1093 2419; x_wconf 88' lang='lat' dir='ltr'><strong>anche</strong></span> <span class='ocrx_word' id='word_1_176' title='bbox 1115 2352 1165 2417; x_wconf 80' lang='lat' dir='ltr'><strong>fra</strong></span> <span class='ocrx_word' id='word_1_177' title='bbox 1185 2353 1218 2417; x_wconf 88' lang='lat' dir='ltr'><strong>la</strong></span> <span class='ocrx_word' id='word_1_178' title='bbox 1238 2351 1431 2430; x_wconf 89' lang='lat' dir='ltr'><strong>settimana‚</strong></span> <span class='ocrx_word' id='word_1_179' title='bbox 1454 2348 1592 2435; x_wconf 85' lang='lat' dir='ltr'><strong>quando</strong></span> 
     </span>
     <span class='ocr_line' id='line_1_18' title="bbox 363 2465 1587 2553; baseline 0 -22"><span class='ocrx_word' id='word_1_180' title='bbox 363 2488 432 2532; x_wconf 91' lang='lat' dir='ltr'><strong>non</strong></span> <span class='ocrx_word' id='word_1_181' title='bbox 449 2470 480 2532; x_wconf 88' lang='lat' dir='ltr'><strong>c&#39;</strong></span> <span class='ocrx_word' id='word_1_182' title='bbox 499 2468 517 2533; x_wconf 77' lang='grc' dir='ltr'>ὲ</span> <span class='ocrx_word' id='word_1_183' title='bbox 539 2487 707 2535; x_wconf 89' lang='lat' dir='ltr'><strong>concorso</strong></span> <span class='ocrx_word' id='word_1_184' title='bbox 729 2468 784 2532; x_wconf 91' lang='lat' dir='ltr'><strong>nel</strong></span> <span class='ocrx_word' id='word_1_185' title='bbox 800 2467 1009 2547; x_wconf 87' lang='lat' dir='ltr'><strong>eremitorio,</strong></span> <span class='ocrx_word' id='word_1_186' title='bbox 1033 2467 1150 2534; x_wconf 87' lang='lat' dir='ltr'><strong>uedasi</strong></span> <span class='ocrx_word' id='word_1_187' title='bbox 1172 2466 1201 2533; x_wconf 90' lang='lat' dir='ltr'><strong>si</strong></span> <span class='ocrx_word' id='word_1_188' title='bbox 1222 2467 1364 2553; x_wconf 89' lang='lat' dir='ltr'><strong>potrebe</strong></span> <span class='ocrx_word' id='word_1_189' title='bbox 1385 2465 1409 2529; x_wconf 91' lang='lat' dir='ltr'><strong>ii</strong></span> <span class='ocrx_word' id='word_1_190' title='bbox 1425 2466 1465 2531; x_wconf 90' lang='lat' dir='ltr'><strong>P.</strong></span> <span class='ocrx_word' id='word_1_191' title='bbox 1487 2468 1587 2531; x_wconf 90' lang='lat' dir='ltr'><strong>Mtro.</strong></span> 
     </span>
     <span class='ocr_line' id='line_1_19' title="bbox 363 2581 1587 2668; baseline -0.004 -19"><span class='ocrx_word' id='word_1_192' title='bbox 363 2581 538 2650; x_wconf 89' lang='lat' dir='ltr'><strong>Giouanni</strong></span> <span class='ocrx_word' id='word_1_193' title='bbox 554 2582 673 2651; x_wconf 91' lang='lat' dir='ltr'><strong>uenire</strong></span> <span class='ocrx_word' id='word_1_194' title='bbox 688 2584 731 2649; x_wconf 86' lang='lat' dir='ltr'><strong>ad</strong></span> <span class='ocrx_word' id='word_1_195' title='bbox 748 2582 910 2668; x_wconf 85' lang='lat' dir='ltr'><strong>aggiutar</strong></span> <span class='ocrx_word' id='word_1_196' title='bbox 925 2583 961 2647; x_wconf 94' lang='lat' dir='ltr'><strong>in</strong></span> <span class='ocrx_word' id='word_1_197' title='bbox 977 2582 1196 2661; x_wconf 83' lang='lat' dir='ltr'><strong>confessioni,</strong></span> <span class='ocrx_word' id='word_1_198' title='bbox 1215 2592 1294 2664; x_wconf 90' lang='lat' dir='ltr'><strong>etc.;</strong></span> <span class='ocrx_word' id='word_1_199' title='bbox 1313 2602 1367 2646; x_wconf 90' lang='lat' dir='ltr'><strong>ma</strong></span> <span class='ocrx_word' id='word_1_200' title='bbox 1384 2592 1507 2666; x_wconf 74' lang='lat' dir='ltr'><strong>questo</strong></span> <span class='ocrx_word' id='word_1_201' title='bbox 1519 2600 1587 2645; x_wconf 93' lang='lat' dir='ltr'><strong>non</strong></span> 
     </span>
    </p>
   </div>
   <div class='ocr_carea' id='block_1_5' title="bbox 360 2694 1592 3343">
    <p class='ocr_par' dir='ltr' id='par_1_5' title="bbox 361 2694 1592 2899">
     <span class='ocr_line' id='line_1_20' title="bbox 361 2694 1592 2784; baseline -0.002 -22"><span class='ocrx_word' id='word_1_202' title='bbox 361 2698 395 2763; x_wconf 94' lang='lat' dir='ltr'><strong>lo</strong></span> <span class='ocrx_word' id='word_1_203' title='bbox 412 2697 497 2784; x_wconf 86' lang='lat' dir='ltr'><strong>pigli</strong></span> <span class='ocrx_word' id='word_1_204' title='bbox 513 2699 557 2765; x_wconf 87' lang='lat' dir='ltr'><strong>V.</strong></span> <span class='ocrx_word' id='word_1_205' title='bbox 575 2700 617 2765; x_wconf 89' lang='lat' dir='ltr'><strong>R.</strong></span> <span class='ocrx_word' id='word_1_206' title='bbox 635 2718 673 2763; x_wconf 89' lang='lat' dir='ltr'><strong>se</strong></span> <span class='ocrx_word' id='word_1_207' title='bbox 689 2718 758 2763; x_wconf 94' lang='lat' dir='ltr'><strong>non</strong></span> <span class='ocrx_word' id='word_1_208' title='bbox 771 2718 831 2781; x_wconf 91' lang='lat' dir='ltr'><strong>per</strong></span> <span class='ocrx_word' id='word_1_209' title='bbox 844 2697 1149 2783; x_wconf 85' lang='lat' dir='ltr'><strong>representatione,</strong></span> <span class='ocrx_word' id='word_1_210' title='bbox 1167 2709 1202 2766; x_wconf 94' lang='lat' dir='ltr'><strong>et</strong></span> <span class='ocrx_word' id='word_1_211' title='bbox 1223 2697 1332 2764; x_wconf 82' lang='lat' dir='ltr'><strong>faccia</strong></span> <span class='ocrx_word' id='word_1_212' title='bbox 1349 2717 1449 2762; x_wconf 90' lang='lat' dir='ltr'><strong>como</strong></span> <span class='ocrx_word' id='word_1_213' title='bbox 1466 2694 1592 2779; x_wconf 81' lang='lat' dir='ltr'><strong>meglio</strong></span> 
     </span>
     <span class='ocr_line' id='line_1_21' title="bbox 362 2813 541 2899; baseline 0.039 -22"><span class='ocrx_word' id='word_1_214' title='bbox 362 2813 384 2878; x_wconf 90' lang='lat' dir='ltr'><strong>li</strong></span> <span class='ocrx_word' id='word_1_215' title='bbox 407 2814 541 2899; x_wconf 73' lang='lat' dir='ltr'><strong>parera.</strong></span> 
     </span>
    </p>

    <p class='ocr_par' dir='ltr' id='par_1_6' title="bbox 360 2927 1592 3343">
     <span class='ocr_line' id='line_1_22' title="bbox 428 2927 1592 3006; baseline -0.003 -11"><span class='ocrx_word' id='word_1_216' title='bbox 428 2931 560 2996; x_wconf 86' lang='lat' dir='ltr'><strong>Auerta</strong></span> <span class='ocrx_word' id='word_1_217' title='bbox 576 2928 678 2998; x_wconf 87' lang='lat' dir='ltr'><strong>etiarn</strong></span> <span class='ocrx_word' id='word_1_218' title='bbox 696 2930 741 2996; x_wconf 91' lang='lat' dir='ltr'><strong>V.</strong></span> <span class='ocrx_word' id='word_1_219' title='bbox 765 2930 806 2995; x_wconf 90' lang='lat' dir='ltr'><strong>R.</strong></span> <span class='ocrx_word' id='word_1_220' title='bbox 830 2930 944 2997; x_wconf 86' lang='lat' dir='ltr'><strong>eheie</strong></span> <span class='ocrx_word' id='word_1_221' title='bbox 965 2928 1092 2997; x_wconf 82' lang='lat' dir='ltr'><strong>fatiche</strong></span> <span class='ocrx_word' id='word_1_222' title='bbox 1104 2928 1206 2995; x_wconf 89' lang='lat' dir='ltr'><strong>siano</strong></span> <span class='ocrx_word' id='word_1_223' title='bbox 1223 2929 1411 3006; x_wconf 89' lang='lat' dir='ltr'><strong>moderate,</strong></span> <span class='ocrx_word' id='word_1_224' title='bbox 1434 2948 1473 2993; x_wconf 86' lang='lat' dir='ltr'><strong>se</strong></span> <span class='ocrx_word' id='word_1_225' title='bbox 1489 2927 1592 2992; x_wconf 87' lang='lat' dir='ltr'><strong>uuoie</strong></span> 
     </span>
     <span class='ocr_line' id='line_1_23' title="bbox 362 3028 1592 3131; baseline -0.003 -19"><span class='ocrx_word' id='word_1_226' title='bbox 362 3045 459 3112; x_wconf 89' lang='lat' dir='ltr'><strong>siano</strong></span> <span class='ocrx_word' id='word_1_227' title='bbox 476 3044 622 3111; x_wconf 91' lang='lat' dir='ltr'><strong>durabili</strong></span> <span class='ocrx_word' id='word_1_228' title='bbox 628 3066 636 3127; x_wconf 93' lang='lat'>;</span> <span class='ocrx_word' id='word_1_229' title='bbox 649 3046 680 3111; x_wconf 91' lang='lat' dir='ltr'><strong>il</strong></span> <span class='ocrx_word' id='word_1_230' title='bbox 695 3047 761 3113; x_wconf 89' lang='lat' dir='ltr'><strong>che</strong></span> <span class='ocrx_word' id='word_1_231' title='bbox 777 3028 854 3112; x_wconf 90' lang='lat' dir='ltr'><strong>dico</strong></span> <span class='ocrx_word' id='word_1_232' title='bbox 871 3047 998 3131; x_wconf 76' lang='lat' dir='ltr'><strong>perche</strong></span> <span class='ocrx_word' id='word_1_233' title='bbox 1013 3046 1045 3112; x_wconf 89' lang='lat' dir='ltr'><strong>le</strong></span> <span class='ocrx_word' id='word_1_234' title='bbox 1061 3048 1167 3112; x_wconf 87' lang='lat' dir='ltr'><strong>moite</strong></span> <span class='ocrx_word' id='word_1_235' title='bbox 1182 3045 1309 3111; x_wconf 85' lang='lat' dir='ltr'><strong>fatiche</strong></span> <span class='ocrx_word' id='word_1_236' title='bbox 1330 3046 1448 3111; x_wconf 90' lang='lat' dir='ltr'><strong>hanno</strong></span> <span class='ocrx_word' id='word_1_237' title='bbox 1465 3045 1556 3110; x_wconf 75' lang='lat' dir='ltr'><strong>tatto</strong></span> <span class='ocrx_word' id='word_1_238' title='bbox 1571 3065 1592 3108; x_wconf 92' lang='lat' dir='ltr'><strong>a</strong></span> 
     </span>
     <span class='ocr_line' id='line_1_24' title="bbox 360 3160 1590 3248; baseline -0.002 -21"><span class='ocrx_word' id='word_1_239' title='bbox 360 3163 556 3248; x_wconf 87' lang='lat' dir='ltr'><strong>qualchuno</strong></span> <span class='ocrx_word' id='word_1_240' title='bbox 578 3161 660 3229; x_wconf 90' lang='lat' dir='ltr'><strong>delii</strong></span> <span class='ocrx_word' id='word_1_241' title='bbox 681 3162 788 3229; x_wconf 91' lang='lat' dir='ltr'><strong>nostri</strong></span> <span class='ocrx_word' id='word_1_242' title='bbox 810 3161 932 3229; x_wconf 88' lang='lat' dir='ltr'><strong>inutile</strong></span> <span class='ocrx_word' id='word_1_243' title='bbox 947 3184 1008 3247; x_wconf 87' lang='lat' dir='ltr'><strong>per</strong></span> <span class='ocrx_word' id='word_1_244' title='bbox 1028 3161 1210 3227; x_wconf 77' lang='lat' dir='ltr'><strong>asiaticarsi</strong></span> <span class='ocrx_word' id='word_1_245' title='bbox 1233 3164 1291 3247; x_wconf 81' lang='lat' dir='ltr'><strong>piu</strong></span> <span class='ocrx_word' id='word_1_246' title='bbox 1313 3162 1367 3227; x_wconf 92' lang='lat' dir='ltr'><strong>nel</strong></span> <span class='ocrx_word' id='word_1_247' title='bbox 1383 3160 1502 3226; x_wconf 91' lang='lat' dir='ltr'><strong>diuino</strong></span> <span class='ocrx_word' id='word_1_248' title='bbox 1518 3181 1590 3227; x_wconf 93' lang='lat' dir='ltr'><strong>ser-</strong></span> 
     </span>
     <span class='ocr_line' id='line_1_25' title="bbox 361 3290 461 3343; baseline -0.02 0"><span class='ocrx_word' id='word_1_249' title='bbox 361 3290 461 3343; x_wconf 80' lang='lat' dir='ltr'><strong>uitr0.</strong></span> 
     </span>
    </p>
   </div>
   <div class='ocr_carea' id='block_1_6' title="bbox 360 3390 1591 3595">
    <p class='ocr_par' dir='ltr' id='par_1_7' title="bbox 360 3390 1591 3595">
     <span class='ocr_line' id='line_1_26' title="bbox 427 3390 1589 3479; baseline -0.003 -21"><span class='ocrx_word' id='word_1_250' title='bbox 427 3393 453 3458; x_wconf 89' lang='lat' dir='ltr'><strong>li</strong></span> <span class='ocrx_word' id='word_1_251' title='bbox 469 3394 570 3459; x_wconf 92' lang='lat' dir='ltr'><strong>modo</strong></span> <span class='ocrx_word' id='word_1_252' title='bbox 584 3394 640 3461; x_wconf 90' lang='lat' dir='ltr'><strong>del</strong></span> <span class='ocrx_word' id='word_1_253' title='bbox 657 3414 813 3479; x_wconf 87' lang='lat' dir='ltr'><strong>gouerno</strong></span> <span class='ocrx_word' id='word_1_254' title='bbox 829 3392 1005 3479; x_wconf 84' lang='lat' dir='ltr'><strong>spirituale</strong></span> <span class='ocrx_word' id='word_1_255' title='bbox 1020 3393 1054 3459; x_wconf 90' lang='lat' dir='ltr'><strong>di</strong></span> <span class='ocrx_word' id='word_1_256' title='bbox 1071 3392 1175 3477; x_wconf 91' lang='lat' dir='ltr'><strong>quelli</strong></span> <span class='ocrx_word' id='word_1_257' title='bbox 1193 3392 1335 3478; x_wconf 86' lang='lat' dir='ltr'><strong>giouani</strong></span> <span class='ocrx_word' id='word_1_258' title='bbox 1351 3392 1408 3459; x_wconf 91' lang='lat' dir='ltr'><strong>dei</strong></span> <span class='ocrx_word' id='word_1_259' title='bbox 1428 3390 1589 3461; x_wconf 84' lang='lat' dir='ltr'><strong>eremito-</strong></span> 
     </span>
     <span class='ocr_line' id='line_1_27' title="bbox 360 3507 1591 3595; baseline -0.002 -22"><span class='ocrx_word' id='word_1_260' title='bbox 360 3508 410 3576; x_wconf 94' lang='lat' dir='ltr'><strong>rio</strong></span> <span class='ocrx_word' id='word_1_261' title='bbox 431 3529 512 3594; x_wconf 87' lang='lat' dir='ltr'><strong>pare</strong></span> <span class='ocrx_word' id='word_1_262' title='bbox 535 3509 564 3575; x_wconf 91' lang='lat' dir='ltr'><strong>si</strong></span> <span class='ocrx_word' id='word_1_263' title='bbox 587 3510 654 3595; x_wconf 77' lang='lat' dir='ltr'><strong>puri</strong></span> <span class='ocrx_word' id='word_1_264' title='bbox 677 3510 744 3576; x_wconf 89' lang='lat' dir='ltr'><strong>ben</strong></span> <span class='ocrx_word' id='word_1_265' title='bbox 767 3511 980 3577; x_wconf 80' lang='lat' dir='ltr'><strong>conformare</strong></span> <span class='ocrx_word' id='word_1_266' title='bbox 1005 3510 1040 3574; x_wconf 92' lang='lat' dir='ltr'><strong>in</strong></span> <span class='ocrx_word' id='word_1_267' title='bbox 1061 3530 1147 3594; x_wconf 87' lang='lat' dir='ltr'><strong>gran</strong></span> <span class='ocrx_word' id='word_1_268' title='bbox 1170 3518 1267 3594; x_wconf 87' lang='lat' dir='ltr'><strong>parte</strong></span> <span class='ocrx_word' id='word_1_269' title='bbox 1288 3528 1354 3573; x_wconf 92' lang='lat' dir='ltr'><strong>con</strong></span> <span class='ocrx_word' id='word_1_270' title='bbox 1376 3509 1490 3592; x_wconf 89' lang='lat' dir='ltr'><strong>quello</strong></span> <span class='ocrx_word' id='word_1_271' title='bbox 1512 3507 1591 3573; x_wconf 90' lang='lat' dir='ltr'><strong>delli</strong></span> 
     </span>
    </p>
   </div>
   <div class='ocr_carea' id='block_1_7' title="bbox 243 3622 1591 3722">
    <p class='ocr_par' dir='ltr' id='par_1_8' title="bbox 243 3622 1591 3722">
     <span class='ocr_line' id='line_1_28' title="bbox 243 3622 1591 3722; baseline 0 -33"><span class='ocrx_word' id='word_1_272' title='bbox 243 3684 248 3696; x_wconf 86' lang='grc'><strong><em>,</em></strong></span> <span class='ocrx_word' id='word_1_273' title='bbox 360 3623 480 3705; x_wconf 82' lang='lat' dir='ltr'><strong>nostri3</strong></span> <span class='ocrx_word' id='word_1_274' title='bbox 505 3635 539 3691; x_wconf 87' lang='lat' dir='ltr'><strong>et</strong></span> <span class='ocrx_word' id='word_1_275' title='bbox 555 3646 592 3690; x_wconf 91' lang='lat' dir='ltr'><strong>se</strong></span> <span class='ocrx_word' id='word_1_276' title='bbox 615 3625 770 3691; x_wconf 68' lang='lat' dir='ltr'><strong>crescere</strong></span> <span class='ocrx_word' id='word_1_277' title='bbox 797 3626 852 3691; x_wconf 89' lang='lat' dir='ltr'><strong>col</strong></span> <span class='ocrx_word' id='word_1_278' title='bbox 871 3637 987 3722; x_wconf 85' lang='lat' dir='ltr'><strong>tempo</strong></span> <span class='ocrx_word' id='word_1_279' title='bbox 1004 3622 1026 3689; x_wconf 89' lang='lat' dir='ltr'><strong>l&#39;</strong></span> <span class='ocrx_word' id='word_1_280' title='bbox 1047 3645 1162 3709; x_wconf 87' lang='lat' dir='ltr'><strong>opera,</strong></span> <span class='ocrx_word' id='word_1_281' title='bbox 1188 3623 1217 3689; x_wconf 92' lang='lat' dir='ltr'><strong>si</strong></span> <span class='ocrx_word' id='word_1_282' title='bbox 1241 3623 1337 3709; x_wconf 73' lang='lat' dir='ltr'><strong>potrri</strong></span> <span class='ocrx_word' id='word_1_283' title='bbox 1362 3643 1506 3709; x_wconf 86' lang='lat' dir='ltr'><strong>pensare</strong></span> <span class='ocrx_word' id='word_1_284' title='bbox 1526 3622 1591 3689; x_wconf 89' lang='lat' dir='ltr'><strong>alle</strong></span> 
     </span>
    </p>
   </div>
   <div class='ocr_carea' id='block_1_8' title="bbox 359 3738 1591 3942">
    <p class='ocr_par' dir='ltr' id='par_1_9' title="bbox 359 3738 1591 3942">
     <span class='ocr_line' id='line_1_29' title="bbox 360 3738 1591 3826; baseline -0.002 -21"><span class='ocrx_word' id='word_1_285' title='bbox 360 3738 599 3805; x_wconf 90' lang='lat' dir='ltr'><strong>constitutioni</strong></span> <span class='ocrx_word' id='word_1_286' title='bbox 623 3739 760 3825; x_wconf 87' lang='lat' dir='ltr'><strong>proprie</strong></span> <span class='ocrx_word' id='word_1_287' title='bbox 785 3762 844 3826; x_wconf 91' lang='lat' dir='ltr'><strong>per</strong></span> <span class='ocrx_word' id='word_1_288' title='bbox 867 3742 942 3807; x_wconf 86' lang='lat' dir='ltr'><strong>loro</strong></span> <span class='ocrx_word' id='word_1_289' title='bbox 966 3741 1135 3806; x_wconf 89' lang='lat' dir='ltr'><strong>instituto.</strong></span> <span class='ocrx_word' id='word_1_290' title='bbox 1162 3738 1206 3805; x_wconf 88' lang='lat' dir='ltr'><strong>Et</strong></span> <span class='ocrx_word' id='word_1_291' title='bbox 1230 3762 1267 3806; x_wconf 90' lang='lat' dir='ltr'><strong>se</strong></span> <span class='ocrx_word' id='word_1_292' title='bbox 1290 3739 1325 3804; x_wconf 89' lang='lat' dir='ltr'><strong>in</strong></span> <span class='ocrx_word' id='word_1_293' title='bbox 1349 3742 1473 3823; x_wconf 84' lang='lat' dir='ltr'><strong>questo</strong></span> <span class='ocrx_word' id='word_1_294' title='bbox 1494 3758 1591 3803; x_wconf 91' lang='lat' dir='ltr'><strong>mezo</strong></span> 
     </span>
     <span class='ocr_line' id='line_1_30' title="bbox 359 3854 1590 3942; baseline -0.002 -23"><span class='ocrx_word' id='word_1_295' title='bbox 359 3854 402 3920; x_wconf 91' lang='lat' dir='ltr'><strong>V.</strong></span> <span class='ocrx_word' id='word_1_296' title='bbox 421 3858 461 3922; x_wconf 91' lang='lat' dir='ltr'><strong>R.</strong></span> <span class='ocrx_word' id='word_1_297' title='bbox 486 3856 665 3941; x_wconf 73' lang='lat' dir='ltr'><strong>giudicart</strong></span> <span class='ocrx_word' id='word_1_298' title='bbox 688 3858 744 3921; x_wconf 84' lang='lat' dir='ltr'><strong>ch&#39;</strong></span> <span class='ocrx_word' id='word_1_299' title='bbox 762 3856 875 3923; x_wconf 88' lang='lat' dir='ltr'><strong>alcuni</strong></span> <span class='ocrx_word' id='word_1_300' title='bbox 900 3856 923 3921; x_wconf 93' lang='lat' dir='ltr'><strong>li</strong></span> <span class='ocrx_word' id='word_1_301' title='bbox 949 3877 1193 3942; x_wconf 87' lang='lat' dir='ltr'><strong>conuengano,</strong></span> <span class='ocrx_word' id='word_1_302' title='bbox 1218 3856 1240 3921; x_wconf 93' lang='lat' dir='ltr'><strong>li</strong></span> <span class='ocrx_word' id='word_1_303' title='bbox 1258 3855 1357 3941; x_wconf 77' lang='lat' dir='ltr'><strong>potrai</strong></span> <span class='ocrx_word' id='word_1_304' title='bbox 1379 3854 1590 3941; x_wconf 89' lang='lat' dir='ltr'><strong>prescriuere</strong></span> 
     </span>
    </p>
   </div>
   <div class='ocr_carea' id='block_1_9' title="bbox 455 3998 559 4007">
    <p class='ocr_par' dir='ltr' id='par_1_10' title="bbox 455 3998 559 4007">
     <span class='ocr_line' id='line_1_31' title="bbox 455 3998 559 4007; baseline 0 0"><span class='ocrx_word' id='word_1_305' title='bbox 455 3998 487 4007; x_wconf 57' lang='lat'><strong>⁶--</strong></span> <span class='ocrx_word' id='word_1_306' title='bbox 500 3998 559 4007; x_wconf 77' lang='lat'><strong>-—-</strong></span> 
     </span>
    </p>
   </div>
   <div class='ocr_carea' id='block_1_10' title="bbox 413 4069 795 4142">
    <p class='ocr_par' dir='ltr' id='par_1_11' title="bbox 413 4069 795 4142">
     <span class='ocr_line' id='line_1_32' title="bbox 413 4069 795 4142; baseline 0 -19"><span class='ocrx_word' id='word_1_307' title='bbox 413 4071 426 4111; x_wconf 84' lang='lat' dir='ltr'>b</span> <span class='ocrx_word' id='word_1_308' title='bbox 464 4069 492 4123; x_wconf 93' lang='lat' dir='ltr'><strong>ci</strong></span> <span class='ocrx_word' id='word_1_309' title='bbox 510 4088 565 4125; x_wconf 86' lang='lat' dir='ltr'><strong>ms.</strong></span> <span class='ocrx_word' id='word_1_310' title='bbox 605 4085 652 4142; x_wconf 62' lang='lat'><strong>-70</strong></span> <span class='ocrx_word' id='word_1_311' title='bbox 672 4069 725 4125; x_wconf 88' lang='lat' dir='ltr'><strong>sie</strong></span> <span class='ocrx_word' id='word_1_312' title='bbox 740 4086 795 4129; x_wconf 83' lang='lat' dir='ltr'><strong>ms.</strong></span> 
     </span>
    </p>
   </div>
   <div class='ocr_carea' id='block_1_11' title="bbox 358 4249 1604 4766">
    <p class='ocr_par' dir='ltr' id='par_1_12' title="bbox 413 4249 970 4321">
     <span class='ocr_line' id='line_1_33' title="bbox 413 4249 970 4321; baseline -0.002 -16"><span class='ocrx_word' id='word_1_313' title='bbox 413 4252 423 4283; x_wconf 74' lang='lat'>⁵</span> <span class='ocrx_word' id='word_1_314' title='bbox 461 4252 590 4321; x_wconf 86' lang='lat' dir='ltr'><strong>Joannes</strong></span> <span class='ocrx_word' id='word_1_315' title='bbox 605 4250 708 4321; x_wconf 85' lang='lat' dir='ltr'><strong>Niger,</strong></span> <span class='ocrx_word' id='word_1_316' title='bbox 727 4249 845 4305; x_wconf 84' lang='lat' dir='ltr'><strong>natione</strong></span> <span class='ocrx_word' id='word_1_317' title='bbox 858 4250 970 4317; x_wconf 83' lang='lat' dir='ltr'><strong>gallus.</strong></span> 
     </span>
    </p>

    <p class='ocr_par' dir='ltr' id='par_1_13' title="bbox 358 4338 1604 4766">
     <span class='ocr_line' id='line_1_34' title="bbox 411 4338 1591 4413; baseline -0.001 -20"><span class='ocrx_word' id='word_1_318' title='bbox 411 4338 423 4371; x_wconf 76' lang='lat'>⁸</span> <span class='ocrx_word' id='word_1_319' title='bbox 455 4342 584 4410; x_wconf 88' lang='lat' dir='ltr'><strong>Joannes</strong></span> <span class='ocrx_word' id='word_1_320' title='bbox 598 4340 674 4407; x_wconf 89' lang='lat' dir='ltr'><strong>Blet,</strong></span> <span class='ocrx_word' id='word_1_321' title='bbox 688 4340 738 4413; x_wconf 91' lang='lat' dir='ltr'><strong>qui</strong></span> <span class='ocrx_word' id='word_1_322' title='bbox 756 4338 822 4393; x_wconf 85' lang='lat' dir='ltr'><strong>heic</strong></span> <span class='ocrx_word' id='word_1_323' title='bbox 835 4340 987 4393; x_wconf 78' lang='lat' dir='ltr'><strong>catalanos</strong></span> <span class='ocrx_word' id='word_1_324' title='bbox 1000 4338 1118 4409; x_wconf 85' lang='lat' dir='ltr'><strong>dicitur,</strong></span> <span class='ocrx_word' id='word_1_325' title='bbox 1139 4340 1210 4393; x_wconf 90' lang='lat' dir='ltr'><strong>alibi</strong></span> <span class='ocrx_word' id='word_1_326' title='bbox 1229 4357 1300 4393; x_wconf 86' lang='lat' dir='ltr'><strong>vero</strong></span> <span class='ocrx_word' id='word_1_327' title='bbox 1313 4340 1502 4393; x_wconf 77' lang='lat' dir='ltr'><strong>castellanus.</strong></span> <span class='ocrx_word' id='word_1_328' title='bbox 1523 4338 1591 4393; x_wconf 81' lang='lat' dir='ltr'><strong>Ete-</strong></span> 
     </span>
     <span class='ocr_line' id='line_1_35' title="bbox 358 4427 1591 4500; baseline -0.002 -17"><span class='ocrx_word' id='word_1_329' title='bbox 358 4429 428 4497; x_wconf 89' lang='lat' dir='ltr'><strong>nim,</strong></span> <span class='ocrx_word' id='word_1_330' title='bbox 449 4446 541 4499; x_wconf 85' lang='lat' dir='ltr'><strong>agens</strong></span> <span class='ocrx_word' id='word_1_331' title='bbox 554 4428 592 4483; x_wconf 88' lang='lat' dir='ltr'><strong>de</strong></span> <span class='ocrx_word' id='word_1_332' title='bbox 609 4428 813 4483; x_wconf 86' lang='lat' dir='ltr'><strong>sacerdotibus</strong></span> <span class='ocrx_word' id='word_1_333' title='bbox 830 4428 950 4496; x_wconf 88' lang='lat' dir='ltr'><strong>nostris,</strong></span> <span class='ocrx_word' id='word_1_334' title='bbox 968 4428 1018 4500; x_wconf 90' lang='lat' dir='ltr'><strong>qui</strong></span> <span class='ocrx_word' id='word_1_335' title='bbox 1044 4428 1183 4483; x_wconf 87' lang='lat' dir='ltr'><strong>Perusiae</strong></span> <span class='ocrx_word' id='word_1_336' title='bbox 1200 4430 1469 4498; x_wconf 84' lang='lat' dir='ltr'><strong>commorabantur,</strong></span> <span class='ocrx_word' id='word_1_337' title='bbox 1487 4427 1591 4482; x_wconf 84' lang='lat' dir='ltr'><strong>scribit</strong></span> 
     </span>
     <span class='ocr_line' id='line_1_36' title="bbox 358 4515 1590 4588; baseline -0.001 -16"><span class='ocrx_word' id='word_1_338' title='bbox 358 4518 394 4572; x_wconf 79' lang='lat' dir='ltr'><strong>ad</strong></span> <span class='ocrx_word' id='word_1_339' title='bbox 417 4534 525 4573; x_wconf 85' lang='lat' dir='ltr'><strong>annum</strong></span> <span class='ocrx_word' id='word_1_340' title='bbox 547 4530 615 4586; x_wconf 86' lang='lat'>1554</span> <span class='ocrx_word' id='word_1_341' title='bbox 638 4518 820 4588; x_wconf 72' lang='lat' dir='ltr'><strong>PotntttCUS,</strong></span> <span class='ocrx_word' id='word_1_342' title='bbox 843 4515 967 4581; x_wconf 69' lang='lat' dir='ltr'><strong>Chron„</strong></span> <span class='ocrx_word' id='word_1_343' title='bbox 986 4516 1039 4587; x_wconf 87' lang='lat' dir='ltr'><strong>IV,</strong></span> <span class='ocrx_word' id='word_1_344' title='bbox 1060 4529 1121 4585; x_wconf 84' lang='lat'>147:</span> <span class='ocrx_word' id='word_1_345' title='bbox 1141 4518 1277 4573; x_wconf 77' lang='lat' dir='ltr'><strong>«Tertius</strong></span> <span class='ocrx_word' id='word_1_346' title='bbox 1291 4517 1437 4588; x_wconf 86' lang='lat' dir='ltr'><strong>sacerdos,</strong></span> <span class='ocrx_word' id='word_1_347' title='bbox 1459 4517 1590 4588; x_wconf 77' lang='lat' dir='ltr'><strong>joannes</strong></span> 
     </span>
     <span class='ocr_line' id='line_1_37' title="bbox 358 4603 1604 4679; baseline 0 -18"><span class='ocrx_word' id='word_1_348' title='bbox 358 4605 556 4671; x_wconf 86' lang='lat' dir='ltr'><strong>Casteilanus,</strong></span> <span class='ocrx_word' id='word_1_349' title='bbox 571 4606 601 4661; x_wconf 87' lang='lat' dir='ltr'><strong>in</strong></span> <span class='ocrx_word' id='word_1_350' title='bbox 614 4604 701 4661; x_wconf 87' lang='lat' dir='ltr'><strong>domo</strong></span> <span class='ocrx_word' id='word_1_351' title='bbox 714 4613 863 4677; x_wconf 65' lang='lat' dir='ltr'><strong>separata,</strong></span> <span class='ocrx_word' id='word_1_352' title='bbox 874 4603 988 4660; x_wconf 85' lang='lat' dir='ltr'><strong>scilicet</strong></span> <span class='ocrx_word' id='word_1_353' title='bbox 1001 4606 1186 4679; x_wconf 88' lang='lat' dir='ltr'><strong>clericorum,</strong></span> <span class='ocrx_word' id='word_1_354' title='bbox 1204 4624 1279 4679; x_wconf 90' lang='lat' dir='ltr'><strong>quos</strong></span> <span class='ocrx_word' id='word_1_355' title='bbox 1292 4606 1456 4661; x_wconf 86' lang='lat' dir='ltr'><strong>Cardinaiis</strong></span> <span class='ocrx_word' id='word_1_356' title='bbox 1474 4604 1604 4661; x_wconf 72' lang='lat' dir='ltr'><strong>Perusi·&#39;</strong></span> 
     </span>
     <span class='ocr_line' id='line_1_38' title="bbox 358 4694 903 4766; baseline -0.007 -15"><span class='ocrx_word' id='word_1_357' title='bbox 358 4712 414 4751; x_wconf 90' lang='lat' dir='ltr'><strong>nus</strong></span> <span class='ocrx_word' id='word_1_358' title='bbox 428 4694 544 4751; x_wconf 91' lang='lat' dir='ltr'><strong>institui</strong></span> <span class='ocrx_word' id='word_1_359' title='bbox 559 4696 688 4766; x_wconf 78' lang='lat' dir='ltr'><strong>volebat,</strong></span> <span class='ocrx_word' id='word_1_360' title='bbox 700 4696 903 4751; x_wconf 74' lang='lat' dir='ltr'><strong>versabatur.»</strong></span> 
     </span>
    </p>
   </div>
   <div class='ocr_carea' id='block_1_12' title="bbox 0 0 1788 5409">
    <p class='ocr_par' dir='ltr' id='par_1_14' title="bbox 0 0 1788 5409">
     <span class='ocr_line' id='line_1_39' title="bbox 0 0 1788 5409; baseline 0 1"><span class='ocrx_word' id='word_1_361' title='bbox 0 0 1788 5409; x_wconf 95' lang='lat' dir='ltr'><strong> </strong></span> 
     </span>
    </p>
   </div>
  </div>
 </body>
</html>
