3567 5409
530 497 634 553 Errsr.
652 493 808 566 4369.·14
827 496 953 553 Arruns
974 506 1042 565 1554

426 775 566 844 PATRI
590 650 850 844 ALPHciligg
873 774 1146 844 SALMERONI

587 901 675 945 noun
697 900 729 959 ¹5
749 901 871 945 neurus
892 900 962 959 1554
978 894 997 943 ¹.

633 1004 670 1059 ln
686 1003 797 1061 Urbem
810 1009 948 1061 vocatur.

241 1154 290 1220 La
310 1172 444 1219 summa
465 1149 576 1237 gratia
596 1172 619 1236 y
640 1171 735 1216 amor
758 1162 877 1219 eterno
900 1151 943 1216 de
963 1152 1035 1217 X.⁰
1052 1152 1096 1218 N.
1120 1152 1157 1221 S.
1176 1171 1234 1219 sea
1254 1152 1402 1239 siempre

171 1292 216 1337 en
228 1266 324 1338 aiuto
339 1278 374 1336 et
389 1268 490 1333 fauor
505 1275 639 1333 nostro.

241 1382 436 1452 Habbiamo
456 1380 612 1450 riceuuto
632 1381 665 1450 le
680 1394 797 1449 nostre
815 1384 859 1449 de
882 1399 901 1465 7
923 1382 978 1452 del
1000 1393 1171 1469 presente.
1195 1384 1239 1451 Et
1259 1384 1350 1452 circa
1378 1385 1402 1452 il

171 1500 328 1589 partirue
342 1500 387 1570 de
408 1498 532 1587 Napoli
552 1520 613 1585 per
634 1520 683 1568 un
702 1519 791 1585 poco
811 1499 855 1567 de
876 1511 990 1585 tempo
1010 1500 1029 1569 ὲ
1049 1500 1243 1569 necessario
1263 1500 1297 1568 in
1318 1505 1402 1589 ogni

170 1618 289 1697 modo,
308 1627 404 1703 parte
420 1637 479 1701 per
495 1616 630 1683 satisfar
644 1615 677 1681 al
692 1596 730 1683 re
745 1616 789 1683 de
805 1614 935 1681 romani
950 1616 963 1648 ³
980 1615 1014 1681 in
1031 1636 1112 1683 cosa
1128 1626 1225 1683 tanto
1242 1616 1325 1685 utile
1342 1619 1402 1684 ‘al

171 1731 254 1803 ben'
272 1728 465 1800 uniuersale
479 1732 523 1799 de
538 1730 615 1799 suoi
632 1730 743 1817 regni,
761 1742 858 1817 parte
873 1732 999 1817 perche
1019 1730 1052 1799 ui
1069 1731 1206 1799 trouiati
1228 1732 1264 1800 in
1285 1734 1401 1819 questi

173 1847 332 1937 principii
346 1848 402 1916 del
418 1847 564 1934 collegio
579 1846 615 1914 di
630 1848 790 1929 Genoua,
807 1857 904 1933 parte
919 1846 1022 1915 etiam
1038 1869 1098 1934 per
1115 1847 1174 1915 un’
1185 1850 1270 1917 altra
1283 1870 1321 1916 ca
1327 1872 1400 1930 usa,

172 1966 276 2052 quale
290 1962 324 2031 io
340 1975 462 2051 reputo
476 1984 548 2029 non
562 1983 684 2031 maneo
699 1961 917 2048 importante,
935 1964 968 2030 la
991 1964 1090 2051 quale
1110 1963 1315 2035 intendereti
1340 1986 1400 2033 ue·

173 2091 260 2148 nuto
276 2102 297 2145 a
313 2080 423 2148 Roma
438 2080 465 2149 ³.
482 2078 521 2147 Si
536 2081 601 2147 che
616 2100 682 2145 con
698 2080 812 2146 buona
828 2078 965 2145 licentia
976 2078 1031 2147 del
1045 2079 1151 2147 lllmo.
1166 2089 1202 2147 et
1215 2080 1314 2147 Rm0.
1330 2102 1402 2149 car·

172 2194 288 2263 dinale
310 2194 422 2264 vicere
446 2196 457 2228 ⁴
479 2207 514 2262 et
534 2192 627 2281 degli
649 2192 726 2261 altri
746 2193 877 2281 signori
898 2206 932 2263 et
948 2194 1077 2277 deuoti,
1102 2194 1135 2262 ui
1158 2196 1328 2264 mettereti
1346 2199 1402 2267 nel

173 2310 292 2399 uiagio
308 2311 340 2376 la
356 2310 536 2379 domenica
549 2322 717 2397 seguente
732 2310 845 2397 doppo
860 2310 892 2376 la
909 2309 1063 2377 riceuuta
1078 2310 1112 2377 di
1128 2323 1262 2396 questa,
1287 2334 1325 2381 se
1346 2312 1402 2381 in-

173 2426 309 2497 fermitd
325 2447 393 2494 non
408 2425 445 2494 ui
460 2424 656 2511 impedisce.
677 2427 719 2493 Et
734 2425 758 2491 l'
774 2424 1031 2494 inconuenienti
1048 2438 1177 2513 quanto
1193 2428 1258 2495 alle
1271 2428 1402 2495 limosi-

175 2564 221 2613 ne
237 2563 309 2609 non
326 2540 373 2611 mi
395 2562 475 2627 pare
494 2540 529 2607 di
554 2542 687 2629 grande
706 2540 981 2609 consideratione
1003 2562 1063 2627 per
1082 2540 1246 2629 impedire
1263 2557 1399 2631 quest0‚

174 2658 299 2745 perche
314 2657 349 2725 in
367 2656 520 2725 absentia
536 2668 652 2723 uostra
668 2656 697 2722 si
715 2657 786 2724 sard
802 2660 910 2745 (come
926 2656 945 2724 ὲ
961 2657 1163 2743 desperare)
1177 2658 1200 2723 il
1213 2660 1402 2728 merlesimo

172 2777 229 2843 ch'
247 2774 283 2841 in
298 2774 481 2861 presentia,
494 2785 529 2843 et
545 2775 654 2841 anche
669 2794 734 2840 con
751 2772 810 2861 pid
826 2774 995 2854 decentia,
1014 2772 1136 2859 poiche
1155 2775 1249 2843 lddio
1266 2778 1310 2845 N.
1328 2778 1366 2846 S.
1384 2779 1402 2845 d

173 2891 288 2975 quello
303 2892 368 2956 che
384 2888 406 2955 li
423 2910 548 2957 muoue
564 2890 607 2955 ad
623 2888 754 2956 aiutare
765 2889 788 2953 l'
802 2909 906 2975 opera
918 2889 973 2957 del
985 2910 1049 2955 suo
1061 2890 1203 2958 seruitio
1214 2892 1399 2961 comincia-

173 3019 209 3073 ta
224 3006 259 3073 in
276 3006 397 3091 Napoli
414 3002 442 3075 ¹³.
458 3003 499 3073 Si
515 3006 582 3074 che
598 3005 654 3071 nel
669 3002 811 3090 partirui
828 3005 966 3089 quando
982 3006 1026 3071 ho
1042 3006 1148 3085 detto,
1169 3018 1220 3075 tre
1235 3030 1256 3075 ο
1277 3022 1400 3094 quatro

174 3121 287 3210 giomi
303 3122 362 3207 piu
377 3143 399 3189 o
415 3143 528 3200 meno,
546 3142 616 3188 non
629 3120 865 3189 mancharetti.

240 3238 309 3305 All’
327 3236 471 3305 orationi
489 3246 603 3304 nostre
618 3247 653 3302 et
669 3237 713 3303 de
729 3235 809 3303 tutti
826 3236 935 3304 nostri
952 3238 1075 3305 fratelli
1093 3237 1137 3304 mi
1155 3241 1398 3323 raecomando;

174 3365 209 3424 et
224 3376 331 3441 prego
346 3354 380 3420 la
395 3352 511 3420 diuina
526 3364 561 3421 et
577 3372 707 3418 somma
723 3352 828 3418 bonti
846 3374 865 3419 a
881 3352 962 3420 tutti
983 3353 1133 3423 conceda
1154 3354 1266 3441 gratia
1288 3355 1322 3422 di
1343 3376 1402 3422 co·

226 3586 240 3613 ι
275 3567 373 3622 utilite
395 3583 449 3626 ms.
489 3568 539 3609 -b
559 3566 711 3637 Superior
729 3567 886 3637 periodus,
903 3585 923 3621 a
946 3566 1041 3623 verbis
1060 3568 1097 3623 Et
1119 3570 1139 3623 l'
1163 3568 1401 3641 inconneniente,

173 3658 256 3714 linea
278 3654 448 3728 clauditur,
469 3660 499 3710 et
521 3656 554 3709 in
576 3657 720 3727 margine
742 3656 875 3728 legitur:
902 3658 1017 3727 Questo
1040 3668 1152 3713 serrato
1175 3659 1200 3712 si
1223 3660 1329 3715 mandi>
1351 3678 1403 3733 per

173 3747 294 3818 figliola.
1138 3758 1140 3761 ·

176 3862 360 3873 —n—

228 3932 236 3962 ¹
274 3926 319 3980 Ex
331 3924 433 3980 codice
447 3924 565 3996 Regest.
579 3923 623 3991 ΙΙ,
641 3922 693 3978 iol.
712 3937 778 3991 pov.

225 4017 237 4050 ²
273 4008 476 4070 Ferdinandris
487 4014 510 4080 1,
521 4012 583 4085 qui,
595 4021 628 4067 ut
637 4010 748 4068 dictum
763 4021 820 4084 est,
834 4030 978 4070 summam
989 4017 1184 4087 theologicam
1195 4020 1342 4092 conscribi
1353 4026 1401 4075 vess

173 4107 326 4159 hementer
341 4103 493 4175 cupiebat,
510 4102 589 4175 quod
607 4118 682 4172 opus
700 4101 804 4157 Luinio
821 4101 919 4158 fuerat
940 4102 1160 4165 demandatum.
1179 4108 1220 4164 Ut
1240 4116 1339 4164 autem
1360 4111 1401 4166 in·

173 4194 292 4249 ehoutus
314 4191 494 4262 theologicas
508 4189 715 4245 'institutiones
734 4189 854 4245 Lainius
877 4192 1042 4263 perficeret,
1061 4195 1261 4251 necessarium
1281 4198 1402 4255 omnino

173 4282 327 4339 videbatur
340 4289 373 4336 ut
391 4280 544 4337 Sulmeron
557 4278 653 4335 Luinii
665 4279 761 4335 locum
775 4279 899 4335 Genuae
918 4283 1080 4354 suppleret,
1101 4286 1148 4341 vel
1168 4284 1250 4343 illum
1269 4295 1351 4343 certe
1371 4289 1402 4344 in

174 4370 329 4428 scribendo
341 4369 504 4441 adjuvaret.
520 4367 595 4423 Vide
608 4367 763 4439 epistolam
776 4367 857 4437 4371.

226 4464 238 4495 ⁸
274 4460 420 4515 Nimirum
440 4460 559 4514 volebat
576 4456 710 4528 [gnatius
729 4456 908 4515 Salmeronia
927 4460 1074 4531 operanti
1092 4462 1123 4517 in
1136 4466 1258 4535 negotio
1272 4465 1401 4522 Simonis

173 4551 332 4621 Rodericii,
351 4556 449 4623 prout,
468 4550 534 4604 Deo
550 4548 685 4618 juvante,
705 4546 831 4603 feliciter
850 4566 922 4605 usus
941 4560 997 4608 est.
1013 4550 1109 4623 Epist.
1125 4552 1251 4621 Mixtne,
1271 4555 1323 4625 IV,
1341 4556 1403 4612 188-

177 4654 238 4712 190.
257 4640 332 4696 Vide
344 4638 500 4711 epistolam
510 4636 590 4707 4391.

226 4733 239 4765 ⁴
275 4730 381 4784 Petrus
401 4727 562 4782 Pachecus.

309 4825 412 4870 Monuit.
427 4822 641 4876 Ionan-Berua„
651 4834 711 4867 rou.
729 4821 778 4866 Vl.
988 4874 989 4878 Ἰ
1241 4830 1268 4870 ,an
