3567 5409
370 493 422 548 544
747 473 954 533 uoruamr'rr
975 478 1151 532 lcumena

332 642 427 697 certo
443 633 510 698 che
527 630 739 717 monsignor,
758 650 858 697 come
873 630 978 715 padre
993 630 1037 697 de
1054 629 1147 711 tutti,
1172 652 1241 697 non
1258 632 1402 697 sarebbe
1418 632 1452 696 di
1476 651 1564 714 que·

332 758 386 812 sto
401 758 577 815 contento.

397 862 463 928 Del
479 862 634 929 riceuere
650 882 737 927 coco
757 874 792 927 et
813 863 990 947 spenditor
1011 861 1200 941 forastiero,
1224 882 1292 928 non
1314 862 1504 929 solamente
1524 884 1565 929 se

333 978 424 1043 losse
440 988 512 1042 atto
528 999 588 1062 per
605 978 637 1042 la
652 976 880 1062 Compagnia,
899 999 953 1043 ma
970 976 1072 1046 etiam
1088 980 1153 1045 che
1173 999 1244 1045 non
1265 979 1299 1043 lo
1324 979 1428 1058 losse,
1445 1000 1467 1045 o
1492 980 1560 1045 che

331 1113 400 1158 non
418 1091 555 1172 uolessi,
574 1114 611 1159 se
628 1092 737 1177 potria
754 1103 925 1161 accettare
946 1114 1006 1178 per
1027 1092 1156 1161 seruire
1176 1093 1212 1159 in
1234 1094 1280 1160 tal
1306 1094 1428 1175 uffiti03
1452 1106 1487 1163 et
1508 1116 1564 1163 ea·

329 1209 438 1277 sendo
455 1228 601 1293 persona
614 1209 729 1288 iidata,
743 1220 971 1294 quantunque
984 1208 1077 1276 tirasi
1090 1230 1155 1275 suo
1171 1209 1307 1291 salario,
1326 1231 1397 1276 non
1413 1210 1565 1277 sarebbe

330 1326 428 1391 fuora
443 1325 486 1390 de
502 1323 688 1410 proposito,
707 1324 784 1391 anzi
804 1326 828 1389 l'
847 1323 980 1391 usiamo
995 1325 1030 1390 di
1054 1346 1134 1410 qua,
1157 1346 1219 1410 per
1242 1347 1312 1391 non
1331 1346 1484 1412 occupar
1509 1326 1561 1411 gli

330 1440 451 1506 scolari
466 1463 488 1505 o
503 1439 580 1507 altri
596 1438 784 1507 coadiutori
802 1440 878 1526 (che
891 1462 978 1506 sono
994 1440 1128 1526 pocchi)
1145 1441 1180 1507 in
1197 1442 1243 1507 tal
1261 1441 1381 1507 uffitio.

397 1555 486 1624 Delli
504 1554 626 1623 fratelli
639 1556 795 1623 Arnoldo
810 1570 845 1623 et
861 1555 1036 1623 Giouanni
1052 1556 1206 1624 Antonio
1224 1559 1248 1638 '‚
1274 1569 1309 1623 et
1331 1558 1443 1623 anche
1464 1558 1560 1625 della

329 1693 392 1739 sua
412 1693 559 1758 persona
580 1674 624 1739 V.
643 1673 683 1738 R.
708 1694 752 1739 ne
773 1670 899 1739 habbia
919 1693 1002 1738 cura
1023 1672 1066 1742 de
1086 1672 1301 1741 conseruarsi
1322 1693 1420 1753 sano,
1446 1694 1565 1758 quan-

330 1800 460 1872 tunque
475 1787 504 1853 si
519 1786 752 1854 sminuiscano
761 1786 790 1866 ἀ,
808 1787 882 1873 o(si
895 1788 969 1855 seri
984 1789 1187 1875 necessario)
1198 1789 1228 1854 si
1241 1789 1357 1855 leuino
1375 1790 1562 1855 totalmen-

330 1913 364 1970 te
379 1905 412 1971 le
428 1903 554 1971 fatiche
569 1903 658 1972 delle
672 1904 801 1983 scuole,
820 1915 855 1969 et
871 1902 974 1972 etiam
991 1905 1013 1969 l'
1032 1905 1117 1972 altre
1137 1904 1317 1990 spirituali.
1342 1906 1384 1971 Et
1406 1905 1514 1971 leuati
1537 1906 1563 1970 li

326 2019 383 2085 doi
398 2018 541 2085 siciliani
557 2030 592 2086 et
609 2018 769 2085 mandato
785 2012 933 2087 Anrrico
948 2041 969 2085 a
987 2020 1171 2107 Peroggia,
1189 2020 1265 2089 sera
1282 2042 1404 2087 manco
1422 2020 1467 2087 da
1485 2022 1562 2087 sare

325 2135 458 2222 con'gli
473 2136 562 2217 altri,
580 2136 637 2202 alli
654 2136 745 2221 quali
762 2135 932 2221 speriamo
948 2136 1030 2202 dara
1046 2137 1142 2202 Iddio
1155 2138 1199 2205 N.
1218 2139 1257 2207 S.
1275 2138 1397 2205 salute.

394 2252 437 2317 Di
458 2274 526 2336 qua
549 2251 672 2318 stiamo
692 2250 781 2319 assai
800 2253 890 2319 bene
911 2272 971 2337 per
990 2253 1023 2318 la
1038 2250 1154 2317 diuina
1178 2252 1289 2338 gratia
1313 2253 1402 2321 nella
1418 2274 1500 2321 casa
1519 2264 1558 2320 et

327 2367 475 2455 collegii,
493 2383 528 2435 et
549 2366 630 2433 tutti
650 2366 682 2433 ci
702 2366 1000 2434 raccomandiamo
1023 2367 1078 2433 all'
1102 2368 1248 2434 orationi
1268 2367 1303 2433 di
1326 2370 1370 2437 V.
1395 2370 1434 2436 R.
1456 2380 1493 2437 et
1514 2370 1560 2436 de

327 2484 435 2551 nostri
452 2483 574 2551 fratelli
591 2482 795 2553 charissimi.
1002 2464 1007 2479 ’

394 2599 600 2685 Preghiamo
617 2598 714 2664 Iddio
729 2600 774 2663 N.
794 2600 832 2665 S.
851 2620 869 2663 a
890 2598 969 2664 tutti
987 2599 1138 2667 conceda
1151 2599 1266 2666 buona
1279 2622 1408 2687 pasqua
1421 2603 1477 2669 nel
1491 2624 1558 2669 suo

326 2726 425 2783 santo
441 2714 594 2781 seruitio.

392 2833 445 2898 De
461 2834 568 2897 Roma
588 2829 707 2896 ultimo
722 2830 757 2896 di
775 2834 892 2898 Marzo
920 2846 1016 2913 1554.

392 2949 513 3014 Presto
529 2946 639 3033 potria
653 2967 746 3013 esser
762 2946 796 3011 in
813 2946 961 3013 Venetia
976 2946 999 3010 il
1018 2947 1057 3012 P.
1079 2950 1179 3013 Mtro.
1200 2942 1354 3013 Adriano
1376 2949 1555 3031 Candido,

324 3065 368 3131 de
384 3065 539 3142 Ferrara,
558 3075 592 3130 et
610 3076 662 3129 tre
678 3062 754 3129 altri
771 3064 835 3146 (fra
852 3061 984 3151 liquali
1000 3064 1020 3127 ἐ
1036 3062 1059 3126 il
1082 3064 1122 3130 P.
1145 3065 1248 3131 Mtro.
1273 3062 1453 3149 Quintino)
1470 3064 1495 3130 ⁸.
1517 3064 1557 3133 Si

325 3178 521 3265 partiranno
537 3180 682 3245 domane
698 3200 720 3243 o
735 3178 759 3243 il
776 3176 811 3245 di
834 3189 1015 3263 seguente.
1041 3180 1140 3247 Uano
1162 3180 1194 3245 la
1217 3178 1310 3245 uolta
1331 3180 1365 3245 di
1387 3180 1557 3251 Fiandra.

323 3294 382 3362 Sia
392 3296 476 3381 jesi]
493 3293 558 3360 X.⁰
574 3293 609 3359 in
627 3296 724 3360 fauor
740 3294 783 3359 de
800 3292 891 3358 tutti.
914 3295 1040 3361 Amen.

388 3412 444 3475 Vn
463 3411 594 3495 fagotto
611 3409 741 3494 piccolo
758 3430 825 3474 con
843 3428 885 3491 30
902 3408 1031 3474 volumi
1046 3409 1125 3475 delli
1143 3408 1320 3477 Direttorii
1337 3410 1367 3475 si
1384 3412 1510 3477 manda
1536 3433 1558 3477 a

324 3526 469 3594 Venetia
485 3548 544 3611 per
561 3524 616 3591 via
631 3525 687 3591 del
703 3523 920 3591 Tramezino.
940 3526 984 3589 V.
1005 3525 1044 3589 R.
1064 3524 1091 3589 si
1108 3524 1265 3591 contenti
1280 3524 1324 3593 de
1336 3524 1523 3592 indrizarlo
1537 3548 1558 3593 a

323 3640 434 3707 Viena
449 3664 509 3726 per
525 3640 580 3705 via
593 3639 628 3704 d'
645 3642 770 3705 alcuno
784 3642 840 3704 ch’
855 3640 980 3706 habbia
994 3638 1232 3725 intelligentia,
1248 3652 1282 3706 et
1295 3642 1317 3704 il
1335 3652 1433 3725 porto
1450 3640 1478 3705 si
1496 3662 1559 3727 pa-

323 3757 383 3843 ghi
399 3757 433 3821 in
451 3758 597 3824 Vienna:
616 3755 673 3821 noi
690 3776 838 3841 pagamo
854 3776 922 3839 qua
938 3754 1027 3822 insin
1044 3778 1064 3821 a
1081 3756 1238 3823 Venetia.

375 3964 391 4003 d
426 3959 628 4015 eminuiscono
643 3977 697 4015 ms.

402 4086 427 4091 --
451 4082 520 4095 --υ

374 4155 384 4183 ¹
423 4149 572 4204 Arnoldua
586 4150 725 4205 Conchus
738 4157 769 4203 et
782 4148 913 4219 Joannea
925 4147 1072 4203 Antonius
1085 4146 1115 4201 tl'
1131 4148 1283 4218 Augubio.

373 4242 386 4273 ⁸
424 4239 527 4294 Patres
540 4239 704 4310 Quintinus
717 4238 852 4293 Charlart
865 4247 897 4292 et
911 4236 1058 4292 Antonius
1071 4238 1244 4307 Boucletus,
1255 4246 1287 4292 ut
1304 4254 1391 4310 supra
1408 4238 1557 4309 diximus,

321 4330 371 4384 «Ρ.
392 4328 554 4383 Adriannm
573 4326 737 4383 Candidum
755 4328 786 4383 in
802 4326 977 4383 Interiorem
995 4326 1184 4382 Germaniam
1207 4326 1363 4383 deducturi
1384 4338 1479 4397 erant;
1497 4330 1557 4385 aed

320 4436 386 4473 cum
402 4417 551 4473 Ferrarius
564 4433 598 4471 se
609 4416 668 4471 illis
681 4416 843 4486 adjungere
856 4414 992 4486 deberet,
1011 4414 1116 4470 medici
1130 4432 1184 4470 auo
1197 4415 1321 4471 coneilio
1339 4417 1413 4471 hanc
1427 4416 1556 4475 Adriani

320 4501 532 4579 profectionem
550 4504 749 4577 impedierunt
761 4514 792 4558 et
804 4504 841 4558 ad
860 4506 966 4559 balnea
978 4504 1123 4576 quaedam
1137 4504 1285 4575 probanda
1305 4504 1413 4561 hortati
1433 4516 1555 4577 aunt...;

320 4598 370 4670 qui
383 4604 484 4651 tamen
496 4603 600 4666 postea
609 4596 665 4649 hoc
678 4594 743 4665 ipso
755 4611 866 4653 anno...
882 4578 1038 4649 iter'suum
1059 4602 1257 4667 prosequutus
1275 4602 1349 4654 esti.
1365 4594 1554 4663 Poenucus,

321 4686 446 4747 Chron„
461 4685 511 4751 lV,
525 4695 584 4750 127.
