<?xml version="1.0" encoding="UTF-8"?>
<!DOCTYPE html PUBLIC "-//W3C//DTD XHTML 1.0 Transitional//EN"
    "http://www.w3.org/TR/xhtml1/DTD/xhtml1-transitional.dtd">
<html xmlns="http://www.w3.org/1999/xhtml" xml:lang="en" lang="en">
 <head>
  <title>
</title>
<meta http-equiv="Content-Type" content="text/html;charset=utf-8" />
  <meta name='ocr-system' content='tesseract 3.04.00' />
  <meta name='ocr-capabilities' content='ocr_page ocr_carea ocr_par ocr_line ocrx_word'/>
</head>
<body>
  <div class='ocr_page' id='page_1' title='image "./monumentaignati01ignagoog_0042.png"; bbox 0 0 3567 5409; ppageno 0'>
   <div class='ocr_carea' id='block_1_1' title="bbox 423 449 1207 513">
    <p class='ocr_par' dir='ltr' id='par_1_1' title="bbox 423 449 1207 513">
     <span class='ocr_line' id='line_1_1' title="bbox 423 449 1207 513; baseline -0.005 0"><span class='ocrx_word' id='word_1_1' title='bbox 423 457 458 513; x_wconf 88' lang='lat'>36</span> <span class='ocrx_word' id='word_1_2' title='bbox 798 449 1005 513; x_wconf 74' lang='lat' dir='ltr'>Monuusshrn</span> <span class='ocrx_word' id='word_1_3' title='bbox 1029 456 1207 512; x_wconf 70' lang='lat' dir='ltr'>lonrrrnnr</span> 
     </span>
    </p>
   </div>
   <div class='ocr_carea' id='block_1_2' title="bbox 380 580 1625 3620">
    <p class='ocr_par' dir='ltr' id='par_1_2' title="bbox 386 580 1625 1163">
     <span class='ocr_line' id='line_1_2' title="bbox 387 580 1625 693; baseline -0.003 -14"><span class='ocrx_word' id='word_1_4' title='bbox 387 612 629 693; x_wconf 89' lang='lat' dir='ltr'>conueniente;</span> <span class='ocrx_word' id='word_1_5' title='bbox 659 623 694 679; x_wconf 89' lang='lat' dir='ltr'>et</span> <span class='ocrx_word' id='word_1_6' title='bbox 722 611 943 679; x_wconf 85' lang='lat' dir='ltr'>trattandossi</span> <span class='ocrx_word' id='word_1_7' title='bbox 967 610 1011 677; x_wconf 93' lang='lat' dir='ltr'>de</span> <span class='ocrx_word' id='word_1_8' title='bbox 1039 629 1119 678; x_wconf 83' lang='lat' dir='ltr'>cose</span> <span class='ocrx_word' id='word_1_9' title='bbox 1140 610 1184 676; x_wconf 89' lang='lat' dir='ltr'>de</span> <span class='ocrx_word' id='word_1_10' title='bbox 1207 607 1385 675; x_wconf 78' lang='lat' dir='ltr'>humenith</span> <span class='ocrx_word' id='word_1_11' title='bbox 1409 608 1526 677; x_wconf 84' lang='lat' dir='ltr'>auanti</span> <span class='ocrx_word' id='word_1_12' title='bbox 1551 580 1625 675; x_wconf 68' lang='lat' dir='ltr'>alle</span> 
     </span>
     <span class='ocr_line' id='line_1_3' title="bbox 387 723 1625 814; baseline -0.003 -19"><span class='ocrx_word' id='word_1_13' title='bbox 387 730 428 796; x_wconf 91' lang='lat' dir='ltr'>R.</span> <span class='ocrx_word' id='word_1_14' title='bbox 449 730 507 808; x_wconf 87' lang='lat' dir='ltr'>V.,</span> <span class='ocrx_word' id='word_1_15' title='bbox 528 728 596 793; x_wconf 84' lang='lat' dir='ltr'>no&#39;n</span> <span class='ocrx_word' id='word_1_16' title='bbox 613 738 781 814; x_wconf 84' lang='lat' dir='ltr'>permetta</span> <span class='ocrx_word' id='word_1_17' title='bbox 797 749 816 792; x_wconf 83' lang='lat' dir='ltr'>a</span> <span class='ocrx_word' id='word_1_18' title='bbox 832 724 958 793; x_wconf 84' lang='lat' dir='ltr'>nisuno</span> <span class='ocrx_word' id='word_1_19' title='bbox 974 747 1091 812; x_wconf 87' lang='lat' dir='ltr'>passar</span> <span class='ocrx_word' id='word_1_20' title='bbox 1107 724 1167 813; x_wconf 80' lang='lat' dir='ltr'>piri</span> <span class='ocrx_word' id='word_1_21' title='bbox 1186 724 1313 806; x_wconf 71' lang='lat' dir='ltr'>inermi,</span> <span class='ocrx_word' id='word_1_22' title='bbox 1332 746 1354 791; x_wconf 94' lang='lat' dir='ltr'>o</span> <span class='ocrx_word' id='word_1_23' title='bbox 1374 726 1561 811; x_wconf 80' lang='lat' dir='ltr'>procedere</span> <span class='ocrx_word' id='word_1_24' title='bbox 1584 723 1625 791; x_wconf 91' lang='lat' dir='ltr'>d&#39;</span> 
     </span>
     <span class='ocr_line' id='line_1_4' title="bbox 387 840 1625 929; baseline -0.003 -18"><span class='ocrx_word' id='word_1_25' title='bbox 387 844 473 911; x_wconf 87' lang='lat' dir='ltr'>altro</span> <span class='ocrx_word' id='word_1_26' title='bbox 495 844 596 911; x_wconf 89' lang='lat' dir='ltr'>modo</span> <span class='ocrx_word' id='word_1_27' title='bbox 620 844 710 913; x_wconf 89' lang='lat' dir='ltr'>nelle</span> <span class='ocrx_word' id='word_1_28' title='bbox 730 843 882 929; x_wconf 83' lang='lat' dir='ltr'>disputte</span> <span class='ocrx_word' id='word_1_29' title='bbox 908 842 943 909; x_wconf 88' lang='lat' dir='ltr'>di</span> <span class='ocrx_word' id='word_1_30' title='bbox 972 840 1087 926; x_wconf 89' lang='lat' dir='ltr'>quello</span> <span class='ocrx_word' id='word_1_31' title='bbox 1108 842 1132 907; x_wconf 95' lang='lat' dir='ltr'>li</span> <span class='ocrx_word' id='word_1_32' title='bbox 1156 862 1239 928; x_wconf 84' lang='lat' dir='ltr'>pare</span> <span class='ocrx_word' id='word_1_33' title='bbox 1266 840 1468 923; x_wconf 86' lang='lat' dir='ltr'>conuenire;</span> <span class='ocrx_word' id='word_1_34' title='bbox 1499 853 1534 910; x_wconf 91' lang='lat' dir='ltr'>et</span> <span class='ocrx_word' id='word_1_35' title='bbox 1560 840 1625 907; x_wconf 82' lang='lat' dir='ltr'>dia</span> 
     </span>
     <span class='ocr_line' id='line_1_5' title="bbox 386 957 1624 1046; baseline -0.002 -20"><span class='ocrx_word' id='word_1_36' title='bbox 386 960 501 1027; x_wconf 91' lang='lat' dir='ltr'>buone</span> <span class='ocrx_word' id='word_1_37' title='bbox 522 958 709 1046; x_wconf 87' lang='lat' dir='ltr'>penitentie</span> <span class='ocrx_word' id='word_1_38' title='bbox 729 982 749 1027; x_wconf 87' lang='lat' dir='ltr'>a</span> <span class='ocrx_word' id='word_1_39' title='bbox 770 957 826 1025; x_wconf 91' lang='lat' dir='ltr'>chi</span> <span class='ocrx_word' id='word_1_40' title='bbox 850 980 918 1025; x_wconf 91' lang='lat' dir='ltr'>non</span> <span class='ocrx_word' id='word_1_41' title='bbox 942 958 972 1025; x_wconf 90' lang='lat' dir='ltr'>si</span> <span class='ocrx_word' id='word_1_42' title='bbox 995 960 1218 1025; x_wconf 63' lang='lat' dir='ltr'>accomodet&amp;</span> <span class='ocrx_word' id='word_1_43' title='bbox 1239 958 1271 1025; x_wconf 84' lang='lat' dir='ltr'>al</span> <span class='ocrx_word' id='word_1_44' title='bbox 1297 958 1399 1024; x_wconf 90' lang='lat' dir='ltr'>modo</span> <span class='ocrx_word' id='word_1_45' title='bbox 1421 957 1624 1045; x_wconf 82' lang='lat' dir='ltr'>significato</span> 
     </span>
     <span class='ocr_line' id='line_1_6' title="bbox 386 1077 571 1163; baseline 0 -19"><span class='ocrx_word' id='word_1_46' title='bbox 386 1098 449 1163; x_wconf 86' lang='lat' dir='ltr'>per</span> <span class='ocrx_word' id='word_1_47' title='bbox 465 1077 508 1144; x_wconf 90' lang='lat' dir='ltr'>V.</span> <span class='ocrx_word' id='word_1_48' title='bbox 529 1078 571 1145; x_wconf 90' lang='lat' dir='ltr'>R.</span> 
     </span>
    </p>

    <p class='ocr_par' dir='ltr' id='par_1_3' title="bbox 381 1188 1622 1626">
     <span class='ocr_line' id='line_1_7' title="bbox 450 1188 1622 1280; baseline -0.003 -21"><span class='ocrx_word' id='word_1_49' title='bbox 450 1194 516 1261; x_wconf 93' lang='lat' dir='ltr'>Del</span> <span class='ocrx_word' id='word_1_50' title='bbox 539 1192 741 1280; x_wconf 73' lang='lat' dir='ltr'>dechiarlarl</span> <span class='ocrx_word' id='word_1_51' title='bbox 766 1194 798 1257; x_wconf 90' lang='lat' dir='ltr'>la</span> <span class='ocrx_word' id='word_1_52' title='bbox 822 1190 979 1258; x_wconf 86' lang='lat' dir='ltr'>doctrina</span> <span class='ocrx_word' id='word_1_53' title='bbox 1000 1189 1188 1256; x_wconf 85' lang='lat' dir='ltr'>christiana</span> <span class='ocrx_word' id='word_1_54' title='bbox 1209 1189 1265 1257; x_wconf 91' lang='lat' dir='ltr'>del</span> <span class='ocrx_word' id='word_1_55' title='bbox 1288 1189 1422 1258; x_wconf 82' lang='lat' dir='ltr'>fratello</span> <span class='ocrx_word' id='word_1_56' title='bbox 1437 1188 1622 1258; x_wconf 86' lang='lat' dir='ltr'>Giouanni</span> 
     </span>
     <span class='ocr_line' id='line_1_8' title="bbox 384 1306 1620 1395; baseline -0.006 -17"><span class='ocrx_word' id='word_1_57' title='bbox 384 1308 540 1378; x_wconf 84' lang='lat' dir='ltr'>Antonio</span> <span class='ocrx_word' id='word_1_58' title='bbox 563 1310 606 1375; x_wconf 90' lang='lat' dir='ltr'>de</span> <span class='ocrx_word' id='word_1_59' title='bbox 630 1308 797 1395; x_wconf 83' lang='lat' dir='ltr'>Augubio</span> <span class='ocrx_word' id='word_1_60' title='bbox 820 1310 864 1375; x_wconf 89' lang='lat' dir='ltr'>V.</span> <span class='ocrx_word' id='word_1_61' title='bbox 890 1309 933 1375; x_wconf 89' lang='lat' dir='ltr'>R.</span> <span class='ocrx_word' id='word_1_62' title='bbox 960 1308 1048 1374; x_wconf 89' lang='lat' dir='ltr'>ueda</span> <span class='ocrx_word' id='word_1_63' title='bbox 1071 1307 1139 1373; x_wconf 91' lang='lat' dir='ltr'>che</span> <span class='ocrx_word' id='word_1_64' title='bbox 1162 1328 1231 1373; x_wconf 92' lang='lat' dir='ltr'>non</span> <span class='ocrx_word' id='word_1_65' title='bbox 1255 1306 1307 1374; x_wconf 87' lang='lat' dir='ltr'>sia</span> <span class='ocrx_word' id='word_1_66' title='bbox 1327 1306 1478 1373; x_wconf 83' lang='lat' dir='ltr'>caricato</span> <span class='ocrx_word' id='word_1_67' title='bbox 1499 1306 1558 1393; x_wconf 70' lang='lat' dir='ltr'>piri</span> <span class='ocrx_word' id='word_1_68' title='bbox 1579 1306 1620 1372; x_wconf 92' lang='lat' dir='ltr'>di</span> 
     </span>
     <span class='ocr_line' id='line_1_9' title="bbox 382 1422 1616 1511; baseline -0.001 -20"><span class='ocrx_word' id='word_1_69' title='bbox 382 1427 496 1511; x_wconf 88' lang='lat' dir='ltr'>quello</span> <span class='ocrx_word' id='word_1_70' title='bbox 511 1428 576 1492; x_wconf 88' lang='lat' dir='ltr'>che</span> <span class='ocrx_word' id='word_1_71' title='bbox 592 1426 661 1511; x_wconf 84' lang='lat' dir='ltr'>pub</span> <span class='ocrx_word' id='word_1_72' title='bbox 674 1424 794 1510; x_wconf 88' lang='lat' dir='ltr'>patire,</span> <span class='ocrx_word' id='word_1_73' title='bbox 809 1435 844 1492; x_wconf 86' lang='lat' dir='ltr'>et</span> <span class='ocrx_word' id='word_1_74' title='bbox 857 1424 949 1489; x_wconf 88' lang='lat' dir='ltr'>forsa</span> <span class='ocrx_word' id='word_1_75' title='bbox 960 1422 1187 1508; x_wconf 83' lang='lat' dir='ltr'>agiutarebbe</span> <span class='ocrx_word' id='word_1_76' title='bbox 1199 1423 1339 1490; x_wconf 85' lang='lat' dir='ltr'>trooerli</span> <span class='ocrx_word' id='word_1_77' title='bbox 1352 1422 1499 1509; x_wconf 85' lang='lat' dir='ltr'>qualche</span> <span class='ocrx_word' id='word_1_78' title='bbox 1511 1422 1616 1504; x_wconf 86' lang='lat' dir='ltr'>libro,</span> 
     </span>
     <span class='ocr_line' id='line_1_10' title="bbox 381 1538 1322 1626; baseline -0.001 -18"><span class='ocrx_word' id='word_1_79' title='bbox 381 1544 448 1611; x_wconf 87' lang='lat' dir='ltr'>che</span> <span class='ocrx_word' id='word_1_80' title='bbox 459 1540 651 1610; x_wconf 85' lang='lat' dir='ltr'>dechiarasi</span> <span class='ocrx_word' id='word_1_81' title='bbox 663 1541 695 1607; x_wconf 85' lang='lat' dir='ltr'>le</span> <span class='ocrx_word' id='word_1_82' title='bbox 711 1562 791 1607; x_wconf 89' lang='lat' dir='ltr'>cose</span> <span class='ocrx_word' id='word_1_83' title='bbox 807 1540 851 1606; x_wconf 90' lang='lat' dir='ltr'>de</span> <span class='ocrx_word' id='word_1_84' title='bbox 866 1538 960 1625; x_wconf 87' lang='lat' dir='ltr'>quali</span> <span class='ocrx_word' id='word_1_85' title='bbox 975 1540 1024 1607; x_wconf 88' lang='lat' dir='ltr'>lui</span> <span class='ocrx_word' id='word_1_86' title='bbox 1041 1563 1085 1609; x_wconf 90' lang='lat' dir='ltr'>ne</span> <span class='ocrx_word' id='word_1_87' title='bbox 1101 1543 1146 1607; x_wconf 86' lang='lat' dir='ltr'>ba</span> <span class='ocrx_word' id='word_1_88' title='bbox 1162 1540 1322 1626; x_wconf 85' lang='lat' dir='ltr'>bisogno.</span> 
     </span>
    </p>

    <p class='ocr_par' dir='ltr' id='par_1_4' title="bbox 380 1656 1619 2091">
     <span class='ocr_line' id='line_1_11' title="bbox 447 1656 1619 1744; baseline 0.002 -21"><span class='ocrx_word' id='word_1_89' title='bbox 447 1659 589 1743; x_wconf 81' lang='lat' dir='ltr'>Quanto</span> <span class='ocrx_word' id='word_1_90' title='bbox 605 1680 624 1724; x_wconf 81' lang='lat' dir='ltr'>a</span> <span class='ocrx_word' id='word_1_91' title='bbox 640 1658 721 1743; x_wconf 89' lang='lat' dir='ltr'>quel</span> <span class='ocrx_word' id='word_1_92' title='bbox 733 1658 883 1744; x_wconf 85' lang='lat' dir='ltr'>giouane</span> <span class='ocrx_word' id='word_1_93' title='bbox 899 1678 938 1724; x_wconf 85' lang='lat' dir='ltr'>se</span> <span class='ocrx_word' id='word_1_94' title='bbox 952 1657 1062 1743; x_wconf 84' lang='lat' dir='ltr'>potria</span> <span class='ocrx_word' id='word_1_95' title='bbox 1074 1657 1255 1725; x_wconf 84' lang='lat' dir='ltr'>intendere</span> <span class='ocrx_word' id='word_1_96' title='bbox 1266 1656 1323 1724; x_wconf 88' lang='lat' dir='ltr'>dal</span> <span class='ocrx_word' id='word_1_97' title='bbox 1336 1656 1471 1723; x_wconf 89' lang='lat' dir='ltr'>medico</span> <span class='ocrx_word' id='word_1_98' title='bbox 1482 1656 1512 1723; x_wconf 91' lang='lat' dir='ltr'>si</span> <span class='ocrx_word' id='word_1_99' title='bbox 1525 1658 1619 1725; x_wconf 86' lang='lat' dir='ltr'>deue</span> 
     </span>
     <span class='ocr_line' id='line_1_12' title="bbox 381 1773 1618 1860; baseline -0.002 -20"><span class='ocrx_word' id='word_1_100' title='bbox 381 1774 549 1860; x_wconf 87' lang='lat' dir='ltr'>reputarsi</span> <span class='ocrx_word' id='word_1_101' title='bbox 565 1773 723 1855; x_wconf 87' lang='lat' dir='ltr'>infermo;</span> <span class='ocrx_word' id='word_1_102' title='bbox 742 1784 778 1841; x_wconf 87' lang='lat' dir='ltr'>et</span> <span class='ocrx_word' id='word_1_103' title='bbox 794 1794 863 1839; x_wconf 93' lang='lat' dir='ltr'>non</span> <span class='ocrx_word' id='word_1_104' title='bbox 880 1774 913 1839; x_wconf 93' lang='lat' dir='ltr'>lo</span> <span class='ocrx_word' id='word_1_105' title='bbox 929 1775 1088 1857; x_wconf 75' lang='lat' dir='ltr'>essendo,</span> <span class='ocrx_word' id='word_1_106' title='bbox 1112 1775 1156 1841; x_wconf 93' lang='lat' dir='ltr'>N.</span> <span class='ocrx_word' id='word_1_107' title='bbox 1181 1774 1221 1838; x_wconf 91' lang='lat' dir='ltr'>P.</span> <span class='ocrx_word' id='word_1_108' title='bbox 1244 1774 1383 1841; x_wconf 89' lang='lat' dir='ltr'>rimette</span> <span class='ocrx_word' id='word_1_109' title='bbox 1405 1794 1424 1839; x_wconf 91' lang='lat' dir='ltr'>a</span> <span class='ocrx_word' id='word_1_110' title='bbox 1445 1775 1490 1840; x_wconf 92' lang='lat' dir='ltr'>V.</span> <span class='ocrx_word' id='word_1_111' title='bbox 1513 1774 1557 1839; x_wconf 94' lang='lat' dir='ltr'>R.</span> <span class='ocrx_word' id='word_1_112' title='bbox 1580 1774 1618 1839; x_wconf 95' lang='lat' dir='ltr'>lo</span> 
     </span>
     <span class='ocr_line' id='line_1_13' title="bbox 380 1888 1617 1975; baseline 0.001 -20"><span class='ocrx_word' id='word_1_113' title='bbox 380 1891 565 1957; x_wconf 84' lang='lat' dir='ltr'>accettarlo</span> <span class='ocrx_word' id='word_1_114' title='bbox 582 1911 603 1955; x_wconf 94' lang='lat'>0</span> <span class='ocrx_word' id='word_1_115' title='bbox 623 1910 679 1970; x_wconf 90' lang='lat' dir='ltr'>no,</span> <span class='ocrx_word' id='word_1_116' title='bbox 699 1890 832 1957; x_wconf 74' lang='lat' dir='ltr'>benche</span> <span class='ocrx_word' id='word_1_117' title='bbox 849 1910 931 1975; x_wconf 87' lang='lat' dir='ltr'>pare</span> <span class='ocrx_word' id='word_1_118' title='bbox 953 1912 996 1957; x_wconf 93' lang='lat' dir='ltr'>ne</span> <span class='ocrx_word' id='word_1_119' title='bbox 1015 1888 1142 1956; x_wconf 86' lang='lat' dir='ltr'>habbia</span> <span class='ocrx_word' id='word_1_120' title='bbox 1164 1890 1196 1957; x_wconf 89' lang='lat' dir='ltr'>le</span> <span class='ocrx_word' id='word_1_121' title='bbox 1217 1899 1311 1975; x_wconf 87' lang='lat' dir='ltr'>parte</span> <span class='ocrx_word' id='word_1_122' title='bbox 1332 1890 1483 1957; x_wconf 90' lang='lat' dir='ltr'>secondo</span> <span class='ocrx_word' id='word_1_123' title='bbox 1508 1890 1541 1956; x_wconf 89' lang='lat' dir='ltr'>la</span> <span class='ocrx_word' id='word_1_124' title='bbox 1561 1888 1617 1956; x_wconf 89' lang='lat' dir='ltr'>di-</span> 
     </span>
     <span class='ocr_line' id='line_1_14' title="bbox 380 1984 850 2091; baseline 0.009 -20"><span class='ocrx_word' id='word_1_125' title='bbox 380 2004 567 2091; x_wconf 86' lang='lat' dir='ltr'>scriptione</span> <span class='ocrx_word' id='word_1_126' title='bbox 583 2006 617 2073; x_wconf 92' lang='lat' dir='ltr'>di</span> <span class='ocrx_word' id='word_1_127' title='bbox 634 2008 678 2073; x_wconf 91' lang='lat' dir='ltr'>V.</span> <span class='ocrx_word' id='word_1_128' title='bbox 699 2007 741 2074; x_wconf 89' lang='lat' dir='ltr'>R.</span> <span class='ocrx_word' id='word_1_129' title='bbox 847 1984 850 1992; x_wconf 40' lang='lat'>¹</span> 
     </span>
    </p>

    <p class='ocr_par' dir='ltr' id='par_1_5' title="bbox 382 2120 1613 2305">
     <span class='ocr_line' id='line_1_15' title="bbox 447 2120 1613 2208; baseline -0.001 -19"><span class='ocrx_word' id='word_1_130' title='bbox 447 2120 492 2189; x_wconf 91' lang='lat' dir='ltr'>Di</span> <span class='ocrx_word' id='word_1_131' title='bbox 507 2142 575 2206; x_wconf 87' lang='lat' dir='ltr'>qua</span> <span class='ocrx_word' id='word_1_132' title='bbox 591 2121 713 2198; x_wconf 82' lang='lat' dir='ltr'>stiamo</span> <span class='ocrx_word' id='word_1_133' title='bbox 726 2122 814 2191; x_wconf 88' lang='lat' dir='ltr'>bene</span> <span class='ocrx_word' id='word_1_134' title='bbox 827 2120 861 2189; x_wconf 93' lang='lat' dir='ltr'>in</span> <span class='ocrx_word' id='word_1_135' title='bbox 875 2142 968 2200; x_wconf 88' lang='lat' dir='ltr'>casa,</span> <span class='ocrx_word' id='word_1_136' title='bbox 983 2142 1049 2187; x_wconf 84' lang='lat' dir='ltr'>con</span> <span class='ocrx_word' id='word_1_137' title='bbox 1064 2122 1211 2207; x_wconf 87' lang='lat' dir='ltr'>qualche</span> <span class='ocrx_word' id='word_1_138' title='bbox 1223 2122 1371 2189; x_wconf 83' lang='lat' dir='ltr'>amalato</span> <span class='ocrx_word' id='word_1_139' title='bbox 1382 2122 1439 2188; x_wconf 90' lang='lat' dir='ltr'>nel</span> <span class='ocrx_word' id='word_1_140' title='bbox 1451 2121 1613 2208; x_wconf 84' lang='lat' dir='ltr'>collegio,</span> 
     </span>
     <span class='ocr_line' id='line_1_16' title="bbox 382 2235 1202 2305; baseline -0.002 -2"><span class='ocrx_word' id='word_1_141' title='bbox 382 2235 463 2303; x_wconf 86' lang='lat' dir='ltr'>etei</span> <span class='ocrx_word' id='word_1_142' title='bbox 482 2236 775 2305; x_wconf 86' lang='lat' dir='ltr'>raccomandiamo</span> <span class='ocrx_word' id='word_1_143' title='bbox 792 2235 847 2303; x_wconf 87' lang='lat' dir='ltr'>all&#39;</span> <span class='ocrx_word' id='word_1_144' title='bbox 864 2236 1020 2304; x_wconf 90' lang='lat' dir='ltr'>oratione</span> <span class='ocrx_word' id='word_1_145' title='bbox 1037 2237 1080 2302; x_wconf 89' lang='lat' dir='ltr'>de</span> <span class='ocrx_word' id='word_1_146' title='bbox 1097 2237 1140 2304; x_wconf 92' lang='lat' dir='ltr'>V.</span> <span class='ocrx_word' id='word_1_147' title='bbox 1161 2237 1202 2302; x_wconf 93' lang='lat' dir='ltr'>R.</span> 
     </span>
    </p>

    <p class='ocr_par' dir='ltr' id='par_1_6' title="bbox 381 2350 1614 2902">
     <span class='ocr_line' id='line_1_17' title="bbox 450 2350 1614 2439; baseline -0.002 -20"><span class='ocrx_word' id='word_1_148' title='bbox 450 2354 503 2419; x_wconf 90' lang='lat' dir='ltr'>De</span> <span class='ocrx_word' id='word_1_149' title='bbox 514 2353 582 2418; x_wconf 91' lang='lat' dir='ltr'>don</span> <span class='ocrx_word' id='word_1_150' title='bbox 599 2352 740 2421; x_wconf 87' lang='lat' dir='ltr'>Andrea</span> <span class='ocrx_word' id='word_1_151' title='bbox 755 2353 960 2421; x_wconf 81' lang='lat' dir='ltr'>Galuanello</span> <span class='ocrx_word' id='word_1_152' title='bbox 973 2351 1080 2439; x_wconf 87' lang='lat' dir='ltr'>potria</span> <span class='ocrx_word' id='word_1_153' title='bbox 1096 2373 1190 2421; x_wconf 86' lang='lat' dir='ltr'>esser</span> <span class='ocrx_word' id='word_1_154' title='bbox 1202 2354 1267 2418; x_wconf 90' lang='lat' dir='ltr'>che</span> <span class='ocrx_word' id='word_1_155' title='bbox 1289 2350 1462 2438; x_wconf 85' lang='lat' dir='ltr'>indugiasi</span> <span class='ocrx_word' id='word_1_156' title='bbox 1477 2375 1499 2421; x_wconf 87' lang='lat' dir='ltr'>a</span> <span class='ocrx_word' id='word_1_157' title='bbox 1514 2351 1614 2418; x_wconf 89' lang='lat' dir='ltr'>ueni-</span> 
     </span>
     <span class='ocr_line' id='line_1_18' title="bbox 383 2465 1613 2555; baseline 0 -22"><span class='ocrx_word' id='word_1_158' title='bbox 383 2490 431 2549; x_wconf 87' lang='lat' dir='ltr'>re,</span> <span class='ocrx_word' id='word_1_159' title='bbox 450 2470 576 2555; x_wconf 75' lang='lat' dir='ltr'>perche</span> <span class='ocrx_word' id='word_1_160' title='bbox 593 2467 752 2535; x_wconf 87' lang='lat' dir='ltr'>temiamo</span> <span class='ocrx_word' id='word_1_161' title='bbox 767 2470 833 2535; x_wconf 91' lang='lat' dir='ltr'>che</span> <span class='ocrx_word' id='word_1_162' title='bbox 851 2468 872 2533; x_wconf 90' lang='lat' dir='ltr'>li</span> <span class='ocrx_word' id='word_1_163' title='bbox 889 2468 940 2534; x_wconf 88' lang='lat' dir='ltr'>sia</span> <span class='ocrx_word' id='word_1_164' title='bbox 957 2468 1120 2535; x_wconf 84' lang='lat' dir='ltr'>mandato</span> <span class='ocrx_word' id='word_1_165' title='bbox 1136 2465 1193 2535; x_wconf 87' lang='lat' dir='ltr'>un&#39;</span> <span class='ocrx_word' id='word_1_166' title='bbox 1210 2468 1298 2533; x_wconf 86' lang='lat' dir='ltr'>altro</span> <span class='ocrx_word' id='word_1_167' title='bbox 1320 2467 1426 2534; x_wconf 89' lang='lat' dir='ltr'>breue</span> <span class='ocrx_word' id='word_1_168' title='bbox 1446 2468 1504 2537; x_wconf 88' lang='lat' dir='ltr'>del</span> <span class='ocrx_word' id='word_1_169' title='bbox 1524 2489 1613 2554; x_wconf 82' lang='lat' dir='ltr'>papa</span> 
     </span>
     <span class='ocr_line' id='line_1_19' title="bbox 381 2581 1614 2671; baseline 0.001 -21"><span class='ocrx_word' id='word_1_170' title='bbox 381 2606 442 2670; x_wconf 92' lang='lat' dir='ltr'>per</span> <span class='ocrx_word' id='word_1_171' title='bbox 457 2584 622 2652; x_wconf 83' lang='lat' dir='ltr'>fermarsi.</span> <span class='ocrx_word' id='word_1_172' title='bbox 644 2586 685 2651; x_wconf 94' lang='lat' dir='ltr'>V.</span> <span class='ocrx_word' id='word_1_173' title='bbox 705 2586 747 2650; x_wconf 94' lang='lat' dir='ltr'>R.</span> <span class='ocrx_word' id='word_1_174' title='bbox 766 2604 806 2652; x_wconf 91' lang='lat' dir='ltr'>ce</span> <span class='ocrx_word' id='word_1_175' title='bbox 822 2581 909 2651; x_wconf 85' lang='lat' dir='ltr'>auisi</span> <span class='ocrx_word' id='word_1_176' title='bbox 924 2604 962 2650; x_wconf 92' lang='lat' dir='ltr'>se</span> <span class='ocrx_word' id='word_1_177' title='bbox 978 2582 1009 2649; x_wconf 88' lang='lat' dir='ltr'>c&#39;</span> <span class='ocrx_word' id='word_1_178' title='bbox 1026 2583 1045 2649; x_wconf 81' lang='grc' dir='ltr'>ὲ</span> <span class='ocrx_word' id='word_1_179' title='bbox 1061 2584 1232 2667; x_wconf 84' lang='lat' dir='ltr'>qualcuno</span> <span class='ocrx_word' id='word_1_180' title='bbox 1245 2582 1301 2649; x_wconf 89' lang='lat' dir='ltr'>nel</span> <span class='ocrx_word' id='word_1_181' title='bbox 1313 2582 1461 2669; x_wconf 88' lang='lat' dir='ltr'>collegio</span> <span class='ocrx_word' id='word_1_182' title='bbox 1472 2586 1538 2652; x_wconf 89' lang='lat' dir='ltr'>che</span> <span class='ocrx_word' id='word_1_183' title='bbox 1549 2604 1614 2671; x_wconf 93' lang='lat' dir='ltr'>po·</span> 
     </span>
     <span class='ocr_line' id='line_1_20' title="bbox 383 2699 1613 2785; baseline 0.002 -21"><span class='ocrx_word' id='word_1_184' title='bbox 383 2699 463 2767; x_wconf 85' lang='lat' dir='ltr'>tessi</span> <span class='ocrx_word' id='word_1_185' title='bbox 479 2720 573 2767; x_wconf 87' lang='lat' dir='ltr'>esser</span> <span class='ocrx_word' id='word_1_186' title='bbox 589 2700 714 2767; x_wconf 91' lang='lat' dir='ltr'>idoneo</span> <span class='ocrx_word' id='word_1_187' title='bbox 730 2700 763 2767; x_wconf 88' lang='lat' dir='ltr'>al</span> <span class='ocrx_word' id='word_1_188' title='bbox 778 2700 986 2783; x_wconf 84' lang='lat' dir='ltr'>sacerdotio,</span> <span class='ocrx_word' id='word_1_189' title='bbox 1004 2701 1131 2785; x_wconf 80' lang='lat' dir='ltr'>perche</span> <span class='ocrx_word' id='word_1_190' title='bbox 1147 2700 1182 2764; x_wconf 90' lang='lat' dir='ltr'>di</span> <span class='ocrx_word' id='word_1_191' title='bbox 1199 2721 1266 2783; x_wconf 84' lang='lat' dir='ltr'>qua</span> <span class='ocrx_word' id='word_1_192' title='bbox 1283 2720 1351 2764; x_wconf 92' lang='lat' dir='ltr'>non</span> <span class='ocrx_word' id='word_1_193' title='bbox 1375 2700 1534 2768; x_wconf 85' lang='lat' dir='ltr'>uediamo</span> <span class='ocrx_word' id='word_1_194' title='bbox 1555 2700 1613 2766; x_wconf 91' lang='lat' dir='ltr'>chi</span> 
     </span>
     <span class='ocr_line' id='line_1_21' title="bbox 381 2813 1541 2902; baseline 0 -20"><span class='ocrx_word' id='word_1_195' title='bbox 381 2813 410 2882; x_wconf 91' lang='lat' dir='ltr'>si</span> <span class='ocrx_word' id='word_1_196' title='bbox 427 2837 527 2901; x_wconf 85' lang='lat' dir='ltr'>possa</span> <span class='ocrx_word' id='word_1_197' title='bbox 539 2817 700 2884; x_wconf 81' lang='lat' dir='ltr'>mandare</span> <span class='ocrx_word' id='word_1_198' title='bbox 716 2838 776 2902; x_wconf 87' lang='lat' dir='ltr'>per</span> <span class='ocrx_word' id='word_1_199' title='bbox 788 2816 923 2896; x_wconf 87' lang='lat' dir='ltr'>adesso,</span> <span class='ocrx_word' id='word_1_200' title='bbox 942 2837 1065 2884; x_wconf 88' lang='lat' dir='ltr'>senon</span> <span class='ocrx_word' id='word_1_201' title='bbox 1082 2815 1184 2884; x_wconf 88' lang='lat' dir='ltr'>uiene</span> <span class='ocrx_word' id='word_1_202' title='bbox 1196 2816 1292 2881; x_wconf 87' lang='lat' dir='ltr'>detto</span> <span class='ocrx_word' id='word_1_203' title='bbox 1304 2816 1373 2882; x_wconf 90' lang='lat' dir='ltr'>don</span> <span class='ocrx_word' id='word_1_204' title='bbox 1390 2814 1541 2884; x_wconf 82' lang='lat' dir='ltr'>Andrea.</span> 
     </span>
    </p>

    <p class='ocr_par' dir='ltr' id='par_1_7' title="bbox 381 2930 1612 3134">
     <span class='ocr_line' id='line_1_22' title="bbox 449 2930 1612 3019; baseline 0.001 -23"><span class='ocrx_word' id='word_1_205' title='bbox 449 2933 485 2996; x_wconf 92' lang='lat' dir='ltr'>ln</span> <span class='ocrx_word' id='word_1_206' title='bbox 503 2942 600 2998; x_wconf 83' lang='lat' dir='ltr'>tanto</span> <span class='ocrx_word' id='word_1_207' title='bbox 616 2934 681 2999; x_wconf 90' lang='lat' dir='ltr'>che</span> <span class='ocrx_word' id='word_1_208' title='bbox 697 2943 750 2999; x_wconf 85' lang='lat' dir='ltr'>sta</span> <span class='ocrx_word' id='word_1_209' title='bbox 765 2930 964 3019; x_wconf 84' lang='lat' dir='ltr'>indesposto</span> <span class='ocrx_word' id='word_1_210' title='bbox 985 2931 1009 2997; x_wconf 92' lang='lat' dir='ltr'>il</span> <span class='ocrx_word' id='word_1_211' title='bbox 1030 2932 1143 2999; x_wconf 86' lang='lat' dir='ltr'>Padre</span> <span class='ocrx_word' id='word_1_212' title='bbox 1163 2930 1343 3000; x_wconf 81' lang='lat' dir='ltr'>comisari0</span> <span class='ocrx_word' id='word_1_213' title='bbox 1363 2952 1434 2996; x_wconf 92' lang='lat' dir='ltr'>non</span> <span class='ocrx_word' id='word_1_214' title='bbox 1456 2931 1479 2997; x_wconf 93' lang='lat' dir='ltr'>li</span> <span class='ocrx_word' id='word_1_215' title='bbox 1499 2930 1612 2999; x_wconf 86' lang='lat' dir='ltr'>scriua</span> 
     </span>
     <span class='ocr_line' id='line_1_23' title="bbox 381 3045 1297 3134; baseline 0.001 -19"><span class='ocrx_word' id='word_1_216' title='bbox 381 3048 423 3115; x_wconf 92' lang='lat' dir='ltr'>V.</span> <span class='ocrx_word' id='word_1_217' title='bbox 445 3048 484 3114; x_wconf 92' lang='lat' dir='ltr'>R.</span> <span class='ocrx_word' id='word_1_218' title='bbox 504 3048 548 3113; x_wconf 93' lang='lat' dir='ltr'>de</span> <span class='ocrx_word' id='word_1_219' title='bbox 560 3047 702 3134; x_wconf 84' lang='lat' dir='ltr'>negotii;</span> <span class='ocrx_word' id='word_1_220' title='bbox 721 3045 779 3133; x_wconf 84' lang='lat' dir='ltr'>pih</span> <span class='ocrx_word' id='word_1_221' title='bbox 797 3057 910 3132; x_wconf 84' lang='lat' dir='ltr'>presto</span> <span class='ocrx_word' id='word_1_222' title='bbox 927 3047 1039 3115; x_wconf 82' lang='lat' dir='ltr'>scriua</span> <span class='ocrx_word' id='word_1_223' title='bbox 1055 3068 1123 3132; x_wconf 85' lang='lat' dir='ltr'>qua</span> <span class='ocrx_word' id='word_1_224' title='bbox 1139 3068 1159 3113; x_wconf 86' lang='lat' dir='ltr'>a</span> <span class='ocrx_word' id='word_1_225' title='bbox 1175 3050 1297 3116; x_wconf 88' lang='lat' dir='ltr'><strong>Roma.</strong></span> 
     </span>
    </p>

    <p class='ocr_par' dir='ltr' id='par_1_8' title="bbox 380 3162 1607 3348">
     <span class='ocr_line' id='line_1_24' title="bbox 446 3162 1607 3253; baseline -0.002 -22"><span class='ocrx_word' id='word_1_226' title='bbox 446 3162 505 3231; x_wconf 86' lang='lat' dir='ltr'>Sia</span> <span class='ocrx_word' id='word_1_227' title='bbox 523 3166 607 3253; x_wconf 79' lang='lat' dir='ltr'>Jesh</span> <span class='ocrx_word' id='word_1_228' title='bbox 635 3164 776 3230; x_wconf 87' lang='lat' dir='ltr'>Christo</span> <span class='ocrx_word' id='word_1_229' title='bbox 806 3185 871 3230; x_wconf 91' lang='lat' dir='ltr'>con</span> <span class='ocrx_word' id='word_1_230' title='bbox 896 3163 1092 3229; x_wconf 85' lang='lat' dir='ltr'>abondante</span> <span class='ocrx_word' id='word_1_231' title='bbox 1120 3162 1231 3249; x_wconf 87' lang='lat' dir='ltr'>gratia</span> <span class='ocrx_word' id='word_1_232' title='bbox 1258 3163 1339 3233; x_wconf 86' lang='lat' dir='ltr'>nelli</span> <span class='ocrx_word' id='word_1_233' title='bbox 1362 3163 1459 3231; x_wconf 92' lang='lat' dir='ltr'>cuori</span> <span class='ocrx_word' id='word_1_234' title='bbox 1488 3162 1607 3231; x_wconf 82' lang='lat' dir='ltr'>nostri.</span> 
     </span>
     <span class='ocr_line' id='line_1_25' title="bbox 380 3282 506 3348; baseline -0.024 0"><span class='ocrx_word' id='word_1_235' title='bbox 380 3282 506 3348; x_wconf 88' lang='lat' dir='ltr'>Amen.</span> 
     </span>
    </p>

    <p class='ocr_par' dir='ltr' id='par_1_9' title="bbox 446 3397 1048 3484">
     <span class='ocr_line' id='line_1_26' title="bbox 446 3397 1048 3484; baseline -0.003 -21"><span class='ocrx_word' id='word_1_236' title='bbox 446 3398 498 3463; x_wconf 90' lang='lat' dir='ltr'>De</span> <span class='ocrx_word' id='word_1_237' title='bbox 515 3398 624 3463; x_wconf 86' lang='lat' dir='ltr'>Roma</span> <span class='ocrx_word' id='word_1_238' title='bbox 640 3419 661 3484; x_wconf 86' lang='lat'>9</span> <span class='ocrx_word' id='word_1_239' title='bbox 678 3398 721 3465; x_wconf 92' lang='lat' dir='ltr'>de</span> <span class='ocrx_word' id='word_1_240' title='bbox 735 3397 929 3465; x_wconf 88' lang='lat' dir='ltr'>Decembre</span> <span class='ocrx_word' id='word_1_241' title='bbox 951 3412 1048 3479; x_wconf 86' lang='lat'><strong>1553.</strong></span> 
     </span>
    </p>

    <p class='ocr_par' dir='ltr' id='par_1_10' title="bbox 444 3512 1184 3620">
     <span class='ocr_line' id='line_1_27' title="bbox 444 3512 1184 3620; baseline 0.001 -44"><span class='ocrx_word' id='word_1_242' title='bbox 444 3514 641 3597; x_wconf 82' lang='lat' dir='ltr'>Inscriptio.</span> <span class='ocrx_word' id='word_1_243' title='bbox 661 3514 694 3579; x_wconf 87' lang='grc' dir='ltr'>Α</span> <span class='ocrx_word' id='word_1_244' title='bbox 712 3512 865 3620; x_wconf 74' lang='lat' dir='ltr'>Venetia,</span> <span class='ocrx_word' id='word_1_245' title='bbox 884 3533 905 3578; x_wconf 88' lang='lat' dir='ltr'>a</span> <span class='ocrx_word' id='word_1_246' title='bbox 922 3514 1025 3582; x_wconf 87' lang='lat' dir='ltr'>Mtro.</span> <span class='ocrx_word' id='word_1_247' title='bbox 1044 3512 1184 3581; x_wconf 83' lang='lat' dir='ltr'>Cesare.</span> 
     </span>
    </p>
   </div>
   <div class='ocr_carea' id='block_1_3' title="bbox 586 3666 1394 3877">
    <p class='ocr_par' dir='ltr' id='par_1_11' title="bbox 586 3666 1394 3877">
     <span class='ocr_line' id='line_1_28' title="bbox 586 3666 1394 3877; baseline 0.004 -20"><span class='ocrx_word' id='word_1_248' title='bbox 586 3790 727 3857; x_wconf 89' lang='lat' dir='ltr'><strong>PATRI</strong></span> <span class='ocrx_word' id='word_1_249' title='bbox 746 3666 1123 3877; x_wconf 54' lang='lat' dir='ltr'>JAcossoabgriiNlo</span> <span class='ocrx_word' id='word_1_250' title='bbox 1149 3792 1211 3857; x_wconf 91' lang='lat' dir='ltr'>EX</span> <span class='ocrx_word' id='word_1_251' title='bbox 1237 3792 1394 3861; x_wconf 88' lang='lat' dir='ltr'><strong>COMM.</strong></span> 
     </span>
    </p>
   </div>
   <div class='ocr_carea' id='block_1_4' title="bbox 377 3904 1612 4176">
    <p class='ocr_par' dir='ltr' id='par_1_12' title="bbox 377 3904 1612 4176">
     <span class='ocr_line' id='line_1_29' title="bbox 778 3904 1212 3974; baseline 0.005 -15"><span class='ocrx_word' id='word_1_252' title='bbox 778 3916 866 3961; x_wconf 68' lang='lat' dir='ltr'>noun</span> <span class='ocrx_word' id='word_1_253' title='bbox 881 3918 899 3973; x_wconf 85' lang='lat'>9</span> <span class='ocrx_word' id='word_1_254' title='bbox 912 3916 1094 3960; x_wconf 76' lang='lat' dir='ltr'>nrceuenrs</span> <span class='ocrx_word' id='word_1_255' title='bbox 1110 3904 1178 3974; x_wconf 86' lang='lat'>1553</span> <span class='ocrx_word' id='word_1_256' title='bbox 1192 3906 1212 3962; x_wconf 86' lang='lat'>¹.</span> 
     </span>
     <span class='ocr_line' id='line_1_30' title="bbox 377 4012 1610 4087; baseline 0 -17"><span class='ocrx_word' id='word_1_257' title='bbox 377 4016 420 4072; x_wconf 77' lang='lat' dir='ltr'>Du</span> <span class='ocrx_word' id='word_1_258' title='bbox 435 4013 539 4070; x_wconf 79' lang='lat' dir='ltr'>Laim&#39;l</span> <span class='ocrx_word' id='word_1_259' title='bbox 553 4012 799 4070; x_wconf 55' lang='lat' dir='ltr'>illinire-Boni</span> <span class='ocrx_word' id='word_1_260' title='bbox 811 4013 916 4067; x_wconf 79' lang='lat' dir='ltr'>nuntii</span> <span class='ocrx_word' id='word_1_261' title='bbox 927 4029 963 4067; x_wconf 76' lang='lat' dir='ltr'>ex</span> <span class='ocrx_word' id='word_1_262' title='bbox 972 4012 1101 4069; x_wconf 77' lang='lat' dir='ltr'>diversis</span> <span class='ocrx_word' id='word_1_263' title='bbox 1114 4014 1409 4070; x_wconf 70' lang='lat' dir='ltr'>leole-Averranue</span> <span class='ocrx_word' id='word_1_264' title='bbox 1416 4014 1498 4071; x_wconf 78' lang='lat' dir='ltr'>diem</span> <span class='ocrx_word' id='word_1_265' title='bbox 1508 4018 1610 4087; x_wconf 69' lang='lat' dir='ltr'>rupre-</span> 
     </span>
     <span class='ocr_line' id='line_1_31' title="bbox 429 4102 1612 4176; baseline 0.001 -16"><span class='ocrx_word' id='word_1_266' title='bbox 429 4122 513 4160; x_wconf 82' lang='lat' dir='ltr'>mum</span> <span class='ocrx_word' id='word_1_267' title='bbox 525 4106 645 4161; x_wconf 63' lang='lat' dir='ltr'>abitr-</span> <span class='ocrx_word' id='word_1_268' title='bbox 654 4103 739 4158; x_wconf 83' lang='lat' dir='ltr'>Viola</span> <span class='ocrx_word' id='word_1_269' title='bbox 751 4107 780 4156; x_wconf 79' lang='lat' dir='ltr'>et</span> <span class='ocrx_word' id='word_1_270' title='bbox 793 4102 909 4157; x_wconf 82' lang='lat' dir='ltr'>Sil-vius</span> <span class='ocrx_word' id='word_1_271' title='bbox 921 4107 1093 4175; x_wconf 69' lang='lat' dir='ltr'>aegrotant.</span> <span class='ocrx_word' id='word_1_272' title='bbox 1101 4104 1203 4159; x_wconf 75' lang='lat' dir='ltr'>-Porl</span> <span class='ocrx_word' id='word_1_273' title='bbox 1216 4106 1374 4176; x_wconf 76' lang='lat' dir='ltr'>scriptum.</span> <span class='ocrx_word' id='word_1_274' title='bbox 1388 4105 1491 4161; x_wconf 80' lang='lat' dir='ltr'>Novae</span> <span class='ocrx_word' id='word_1_275' title='bbox 1506 4104 1612 4161; x_wconf 70' lang='lat' dir='ltr'>taine·</span> 
     </span>
    </p>
   </div>
   <div class='ocr_carea' id='block_1_5' title="bbox 428 4182 1610 4356">
    <p class='ocr_par' dir='ltr' id='par_1_13' title="bbox 428 4182 1610 4356">
     <span class='ocr_line' id='line_1_32' title="bbox 428 4182 1610 4269; baseline 0.002 -20"><span class='ocrx_word' id='word_1_276' title='bbox 428 4194 548 4249; x_wconf 77' lang='lat' dir='ltr'>litterae</span> <span class='ocrx_word' id='word_1_277' title='bbox 567 4192 909 4265; x_wconf 58' lang='lat' dir='ltr'>pervenerunt—Quas</span> <span class='ocrx_word' id='word_1_278' title='bbox 924 4192 1110 4247; x_wconf 79' lang='lat' dir='ltr'>conditiones</span> <span class='ocrx_word' id='word_1_279' title='bbox 1126 4194 1244 4265; x_wconf 75' lang='lat' dir='ltr'>apponi</span> <span class='ocrx_word' id='word_1_280' title='bbox 1261 4182 1333 4269; x_wconf 75' lang='lat' dir='ltr'>oellt</span> <span class='ocrx_word' id='word_1_281' title='bbox 1349 4194 1493 4268; x_wconf 72' lang='lat' dir='ltr'>Ignaliue</span> <span class='ocrx_word' id='word_1_282' title='bbox 1510 4199 1544 4249; x_wconf 78' lang='lat' dir='ltr'>ut</span> <span class='ocrx_word' id='word_1_283' title='bbox 1559 4212 1610 4268; x_wconf 81' lang='lat' dir='ltr'>ge·</span> 
     </span>
     <span class='ocr_line' id='line_1_33' title="bbox 428 4281 1341 4356; baseline 0 -17"><span class='ocrx_word' id='word_1_284' title='bbox 428 4301 539 4340; x_wconf 81' lang='lat' dir='ltr'>nuense</span> <span class='ocrx_word' id='word_1_285' title='bbox 552 4283 713 4354; x_wconf 76' lang='lat' dir='ltr'>collegium</span> <span class='ocrx_word' id='word_1_286' title='bbox 726 4282 1009 4337; x_wconf 74' lang='lat' dir='ltr'>admittatur.-De</span> <span class='ocrx_word' id='word_1_287' title='bbox 1022 4281 1191 4337; x_wconf 78' lang='lat' dir='ltr'>Saulorum</span> <span class='ocrx_word' id='word_1_288' title='bbox 1204 4283 1341 4356; x_wconf 78' lang='lat' dir='ltr'>collegio.</span> 
     </span>
    </p>
   </div>
   <div class='ocr_carea' id='block_1_6' title="bbox 443 4399 1606 4602">
    <p class='ocr_par' dir='ltr' id='par_1_14' title="bbox 443 4399 1606 4602">
     <span class='ocr_line' id='line_1_34' title="bbox 444 4399 679 4468; baseline 0.004 -1"><span class='ocrx_word' id='word_1_289' title='bbox 444 4404 516 4467; x_wconf 88' lang='lat' dir='ltr'>Pax</span> <span class='ocrx_word' id='word_1_290' title='bbox 532 4399 679 4468; x_wconf 86' lang='lat' dir='ltr'>Christi.</span> 
     </span>
     <span class='ocr_line' id='line_1_35' title="bbox 443 4515 1606 4602; baseline 0.002 -17"><span class='ocrx_word' id='word_1_291' title='bbox 443 4518 492 4585; x_wconf 81' lang='lat' dir='ltr'>La</span> <span class='ocrx_word' id='word_1_292' title='bbox 508 4517 593 4583; x_wconf 88' lang='lat' dir='ltr'>letra</span> <span class='ocrx_word' id='word_1_293' title='bbox 608 4516 652 4583; x_wconf 91' lang='lat' dir='ltr'>de</span> <span class='ocrx_word' id='word_1_294' title='bbox 665 4516 713 4585; x_wconf 91' lang='lat' dir='ltr'><strong>V.</strong></span> <span class='ocrx_word' id='word_1_295' title='bbox 736 4516 776 4583; x_wconf 89' lang='lat' dir='ltr'><strong>R.</strong></span> <span class='ocrx_word' id='word_1_296' title='bbox 797 4515 839 4581; x_wconf 90' lang='lat' dir='ltr'>de</span> <span class='ocrx_word' id='word_1_297' title='bbox 857 4515 888 4581; x_wconf 89' lang='lat' dir='ltr'>la</span> <span class='ocrx_word' id='word_1_298' title='bbox 904 4524 980 4580; x_wconf 87' lang='lat' dir='ltr'>otra</span> <span class='ocrx_word' id='word_1_299' title='bbox 996 4536 1174 4597; x_wconf 86' lang='lat' dir='ltr'>semanna,</span> <span class='ocrx_word' id='word_1_300' title='bbox 1191 4518 1235 4584; x_wconf 94' lang='lat' dir='ltr'>de</span> <span class='ocrx_word' id='word_1_301' title='bbox 1252 4532 1294 4600; x_wconf 83' lang='lat'>25</span> <span class='ocrx_word' id='word_1_302' title='bbox 1316 4518 1360 4585; x_wconf 88' lang='lat' dir='ltr'>de</span> <span class='ocrx_word' id='word_1_303' title='bbox 1383 4518 1606 4602; x_wconf 84' lang='lat' dir='ltr'>Nouiembre,</span> 
     </span>
    </p>
   </div>
   <div class='ocr_carea' id='block_1_7' title="bbox 398 4632 590 4642">
    <p class='ocr_par' dir='ltr' id='par_1_15' title="bbox 398 4632 590 4642">
     <span class='ocr_line' id='line_1_36' title="bbox 398 4632 590 4642; baseline -0.005 0"><span class='ocrx_word' id='word_1_304' title='bbox 398 4632 590 4642; x_wconf 78' lang='lat'><em>-—————-</em></span> 
     </span>
    </p>
   </div>
   <div class='ocr_carea' id='block_1_8' title="bbox 429 4673 954 4747">
    <p class='ocr_par' dir='ltr' id='par_1_16' title="bbox 429 4673 954 4747">
     <span class='ocr_line' id='line_1_37' title="bbox 429 4673 954 4747; baseline 0.006 -17"><span class='ocrx_word' id='word_1_305' title='bbox 429 4678 437 4711; x_wconf 88' lang='lat'>¹</span> <span class='ocrx_word' id='word_1_306' title='bbox 476 4677 520 4731; x_wconf 85' lang='lat' dir='ltr'>Ex</span> <span class='ocrx_word' id='word_1_307' title='bbox 533 4674 636 4731; x_wconf 86' lang='lat' dir='ltr'>codice</span> <span class='ocrx_word' id='word_1_308' title='bbox 652 4676 769 4747; x_wconf 67' lang='lat' dir='ltr'>Regni.</span> <span class='ocrx_word' id='word_1_309' title='bbox 786 4674 826 4739; x_wconf 82' lang='grc' dir='ltr'>ΙΙ,</span> <span class='ocrx_word' id='word_1_310' title='bbox 841 4673 892 4732; x_wconf 84' lang='lat' dir='ltr'>fol.</span> <span class='ocrx_word' id='word_1_311' title='bbox 911 4688 954 4733; x_wconf 84' lang='lat'><strong>12.</strong></span> 
     </span>
    </p>
   </div>
   <div class='ocr_carea' id='block_1_9' title="bbox 0 0 1788 5409">
    <p class='ocr_par' dir='ltr' id='par_1_17' title="bbox 0 0 1788 5409">
     <span class='ocr_line' id='line_1_38' title="bbox 0 0 1788 5409; baseline 0 4"><span class='ocrx_word' id='word_1_312' title='bbox 0 0 1788 5409; x_wconf 95' lang='lat' dir='ltr'> </span> 
     </span>
    </p>
   </div>
  </div>
 </body>
</html>
