3567 5409
419 465 473 533 664
788 464 1001 519 Mouuuuurn
1021 464 1205 519 tonnrrnun

449 618 487 683 In
503 616 626 702 Napoii
643 616 672 682 si
689 616 708 682 ὲ
724 618 811 683 tatto
826 614 930 684 etiam
946 615 1101 703 singular
1118 617 1224 683 frutto
1240 638 1309 683 con
1325 618 1358 683 la
1380 617 1592 703 predicatione

381 732 417 799 di
441 743 562 827 questa
581 753 761 817 quaresma
781 732 837 799 del
860 734 899 798 P.
923 734 1028 801 Mtr0.
1052 733 1269 813 Salmerone,
1287 742 1322 801 et
1338 734 1453 799 hanno
1474 732 1590 799 aiutato

381 850 487 914 molto
502 847 537 913 in
554 869 658 935 groso
679 848 702 913 l'
724 869 827 934 opera
848 849 904 915 del
920 847 1069 934 collegio
1090 849 1145 913 nel
1167 848 1366 934 temporale3
1388 859 1423 915 et
1444 847 1547 932 questi
1561 850 1593 917 di

382 966 426 1030 ha
444 973 598 1049 resposto
614 964 635 1027 l’
657 962 869 1049 imperadore
890 963 946 1029 all'
966 962 1077 1029 Illmo.
1099 964 1248 1029 cardinal
1273 964 1425 1043 Paceco,
1444 962 1548 1031 vicere
1562 964 1592 1030 di

381 1079 463 1163 quel
479 1098 600 1164 regn0,
618 1090 653 1147 et
669 1080 779 1146 anche
800 1080 865 1145 alta
881 1077 982 1160 cittii,
1002 1082 1066 1145 che
1082 1079 1132 1165 gli
1148 1082 1330 1146 haueuano
1351 1078 1470 1145 scritto
1492 1100 1581 1146 raeco

383 1195 626 1281 mandandogli
646 1196 759 1278 quella
785 1216 906 1281 opera,
931 1195 1096 1281 dandogii
1117 1196 1239 1262 adesso
1262 1197 1299 1263 S.
1325 1198 1372 1263 M.
1401 1216 1469 1261 una
1491 1196 1593 1263 buona

381 1332 510 1377 somma
526 1310 569 1377 de
589 1310 707 1377 danari
723 1312 804 1397 (che
825 1332 890 1377 con
913 1311 1028 1395 quello
1050 1314 1114 1379 che
1131 1312 1221 1378 dona
1242 1312 1275 1377 la
1295 1310 1379 1379 cirta
1399 1333 1539 1379 saraono
1558 1314 1596 1379 da

384 1445 490 1493 toooo
516 1424 615 1510 Ν),
638 1438 673 1493 et
694 1428 737 1495 de
754 1426 811 1513 piit
832 1428 879 1493 ha
900 1448 1073 1513 promesso
1095 1428 1161 1494 ooo
1183 1442 1215 1496 t]
1241 1428 1284 1493 de
1306 1427 1437 1495 rendita
1457 1449 1549 1513 sopra
1563 1429 1591 1493 la

381 1542 490 1628 prima
507 1542 607 1609 badia
623 1546 689 1609 che
706 1545 854 1610 uachera
870 1541 903 1608 in
921 1544 1000 1627 quei
1018 1564 1125 1629 regno
1142 1546 1166 1609 ⁰.

446 1656 484 1723 In
502 1657 618 1726 Sicilia
634 1660 654 1724 e
672 1669 795 1725 uacato
811 1680 881 1723 una
899 1657 1010 1740 badia;
1030 1670 1063 1727 et
1079 1660 1203 1744 perche
1219 1658 1251 1724 la
1267 1659 1375 1744 prima
1388 1680 1446 1727 era
1459 1680 1582 1745 promes

379 1795 417 1839 sa
437 1772 516 1840 dell'
533 1773 736 1859 imperatore
757 1793 817 1859 per
834 1773 856 1838 il
879 1786 997 1840 nostro
1018 1772 1166 1860 collegio
1182 1774 1217 1839 di
1239 1774 1407 1853 Messina,
1425 1774 1450 1839 il
1465 1774 1593 1841 vicere*

380 1892 425 1955 ha
444 1891 609 1975 deputato
626 1900 763 1974 questa,
782 1892 846 1957 che
868 1890 944 1956 uate
970 1906 1054 1973 1500
1080 1906 1111 1961 V
1133 1891 1168 1955 d'
1188 1890 1330 1969 intrata,
1349 1904 1383 1959 et
1403 1890 1432 1957 si
1454 1891 1485 1955 fa
1504 1904 1597 1956 conto

378 2006 445 2070 che
473 2004 553 2071 mile
579 2006 608 2070 s’
631 2004 853 2091 applichinoj
879 2005 912 2072 al
935 2003 1082 2091 collegio
1103 2004 1137 2071 di
1160 2006 1322 2085 Messina,
1341 2016 1375 2073 et
1396 2007 1420 2072 li
1442 2022 1505 2089 500
1529 2006 1594 2071 altri

379 2122 413 2185 d’
431 2119 557 2185 intrata
573 2140 721 2187 seruano
738 2142 798 2205 per
814 2120 1019 2207 principiare
1041 2143 1088 2186 un
1110 2121 1257 2207 collegio
1279 2122 1312 2189 in
1330 2122 1498 2201 Catanea,
1515 2124 1594 2187 doue

378 2235 397 2302 ὲ
418 2236 512 2302 detta
532 2236 644 2301 badia.
669 2236 935 2303 Cominciarano
956 2238 1044 2304 altro
1063 2236 1099 2304 in
1121 2238 1284 2317 Marsala,
1308 2238 1387 2303 olim
1414 2238 1593 2323 Lylibeum,

378 2354 668 2437 correspondente
684 2354 717 2417 ai
733 2362 851 2417 nostro
866 2354 911 2418 de
928 2352 1085 2420 Palermo
1101 2356 1126 2419 ⁸.
1538 2344 1543 2353 ’

446 2470 498 2533 De
517 2468 659 2533 Polonia
675 2467 707 2533 ci
728 2467 890 2535 scriuono
912 2470 978 2536 che
1000 2490 1045 2533 un
1069 2471 1199 2554 grande
1221 2473 1402 2537 vescouo⁹
1425 2470 1459 2537 fa
1479 2469 1595 2539 istaoza

378 2606 438 2669 per
455 2586 505 2649 far
523 2606 568 2650 un
585 2583 732 2669 collegio
748 2584 837 2652 nella
853 2606 916 2651 sua
933 2583 1059 2651 diocesi
1076 2584 1261 2653 uermiensi
1285 2608 1386 2675 uerso
1409 2587 1442 2653 la
1465 2584 1589 2651 Prusia.

444 2702 566 2766 Fanno
587 2699 690 2767 etiam
711 2698 842 2768 istanza
862 2702 905 2767 de
927 2702 1016 2767 Alba
1038 2700 1155 2768 Giulia
1175 2701 1209 2767 in
1232 2702 1484 2781 Transiluania,
1507 2701 1594 2768 etde

380 2818 494 2901 Praga
514 2815 547 2880 in
574 2815 726 2882 Boemia:
752 2826 787 2883 et
812 2816 892 2881 tutti
915 2838 1001 2911 sono
1024 2818 1147 2905 luoghi
1172 2819 1277 2883 molto
1300 2818 1510 2903 importanti.
1535 2816 1593 2883 Dio

382 2934 425 2997 N.
445 2933 482 2999 S.
502 2930 703 3017 multiplichi
719 2930 734 2969 1
749 2930 770 2995 l'
787 2932 932 3017 operarii
950 2955 1011 3018 per
1028 2945 1123 3000 tanta
1140 2955 1250 3001 messe
1264 2954 1364 3001 come
1380 2933 1409 2999 si
1423 2944 1554 2999 mostra.

382 3068 590 3075 n———w-ae-

432 3112 440 3161 i
477 3111 700 3181 applicanoms.
739 3114 788 3153 -.t
809 3110 1059 3182 multiplicherns.
1152 3130 1155 3137 ’

379 3225 589 3237 ——----

433 3274 445 3305 ⁶
482 3272 564 3326 Haec
578 3273 655 3325 laeta
668 3269 837 3337 admodum,
852 3280 885 3327 ut
897 3271 962 3325 fieri
975 3274 1062 3341 solet,
1078 3274 1106 3328 in
1120 3273 1238 3344 scriptis
1251 3284 1282 3331 et
1295 3292 1350 3345 spe
1363 3283 1540 3351 manserunt.
1556 3272 1596 3325 Vi-

376 3360 482 3415 deatur
495 3360 677 3428 Poenicus
693 3360 815 3427 Chron,
832 3361 885 3429 lV,
902 3362 962 3430 187,
976 3362 1026 3433 qui
1040 3362 1077 3417 de
1090 3364 1216 3435 collegio
1226 3363 1413 3435 neapolitano
1423 3364 1597 3433 agens,haec

379 3449 456 3505 inter
468 3450 525 3504 alia
538 3449 666 3521 scripsit:
684 3468 720 3504 t..
737 3451 786 3504 illa
799 3461 923 3521 quatuor
937 3451 1028 3507 millia
1045 3452 1234 3519 ducatorum,
1248 3470 1324 3525 quae
1343 3455 1504 3526 Imperator
1517 3454 1544 3507 in
1556 3468 1596 3505 va·

377 3540 428 3595 riis
439 3540 500 3611 jam
513 3539 585 3594 locis
600 3540 700 3594 vacuis
713 3540 855 3595 Societati
868 3552 1067 3605 concesserat,
1083 3560 1153 3596 vere
1167 3561 1259 3598 vacua
1276 3560 1418 3615 apparere
1435 3550 1594 3615 coeperunt,

376 3647 444 3683 curn
458 3630 537 3685 enim
550 3628 588 3683 de
602 3630 773 3684 venditione
786 3630 834 3700 agi
844 3630 1004 3703 coepisset,
1016 3632 1131 3687 inventi
1142 3643 1211 3688 sunt
1223 3634 1274 3705 qui
1289 3637 1352 3689 loca
1363 3635 1412 3689 illa
1422 3643 1522 3688 tenere
1531 3632 1596 3687 affir-

377 3730 524 3776 marent...
540 3718 627 3788 Quod
640 3717 805 3774 Cardinalis
819 3720 1004 3791 promiserat,
1018 3738 1076 3776 non
1095 3722 1265 3793 praestitit..
1293 3732 1324 3777 et
1341 3741 1377 3776 ex
1392 3722 1454 3791 his,
1472 3739 1544 3795 quae
1555 3720 1596 3775 aiii

377 3810 583 3881 promiserant,
597 3807 741 3879 quaedam
754 3807 843 3863 etiam
857 3808 939 3880 exigi
953 3826 1011 3865 oon
1025 3820 1193 3883 potuerant.
1209 3821 1241 3866 ot
1254 3812 1373 3868 omnino
1383 3813 1523 3885 apparere
1535 3809 1597 3865 inci·

375 3907 459 3969 peret
473 3899 502 3952 in
516 3915 551 3952 ea
564 3898 698 3967 civitate,
711 3898 790 3969 quod
804 3900 894 3970 vulgo
907 3899 1015 3953 dicitur
1028 3900 1123 3955 «inter
1136 3900 1215 3956 dicta
1228 3910 1259 3955 et
1269 3902 1346 3957 facta
1358 3903 1478 3973 longum
1492 3900 1596 3971 interja-

374 4004 443 4043 cere
456 3987 674 4043 intervallum».
691 3988 757 4041 Atta
771 3988 873 4058 etiarn,
887 4006 963 4059 quae
978 4006 1016 4043 ex
1029 3988 1119 4044 Curia
1134 3991 1334 4061 recuperanda
1350 4000 1445 4058 erant,
1459 4007 1543 4061 aegre
1556 3988 1586 4043 ad

379 4077 496 4152 modum
510 4078 679 4149 recuperari
692 4086 859 4149 poterant.»
873 4076 933 4132 Sed
947 4077 985 4132 de
998 4078 1044 4132 his
1058 4080 1165 4134 iterum
1179 4080 1288 4136 redibit
1302 4098 1410 4139 sermo.

432 4170 441 4201 ⁷
480 4166 610 4235 Joannes
623 4167 717 4237 vega.

430 4258 442 4289 ⁸
480 4256 562 4310 Haec
584 4256 673 4310 etiarn
696 4257 726 4310 in
743 4272 795 4326 spe
814 4263 909 4310 erant.
929 4257 965 4311 Et
987 4257 1107 4328 quidem
1130 4260 1249 4329 collegii
1268 4258 1440 4330 lilyboetani
1459 4270 1549 4315 ortum
1565 4256 1595 4311 ad

377 4362 485 4399 annum
502 4357 570 4413 1592
584 4344 675 4398 refert
689 4345 869 4415 Aourteun,
888 4347 1074 4403 Provinciae
1089 4348 1247 4407 Siculae...
1266 4348 1363 4404 Ortus
1379 4356 1408 4404 et
1426 4350 1484 4406 Res
1494 4354 1594 4421 gestae,

377 4434 403 4504 1,
417 4432 480 4491 306.

428 4527 439 4554 2'
476 4522 642 4577 Stanislaus
662 4523 782 4579 Hosius.
803 4525 849 4577 De
866 4525 1026 4580 varmiensi
1043 4525 1171 4596 collegio
1189 4524 1250 4597 agit
1270 4527 1307 4581 ad
1324 4542 1432 4583 annum
1454 4530 1532 4599 1564,
1548 4512 1596 4599 quo

374 4610 543 4665 institutum
566 4620 625 4680 est,
648 4612 853 4681 Rosrowsrtr,
873 4614 1112 4697 Lituonicarum
1137 4617 1296 4672 Societntis
1310 4616 1594 4691 jesuhistoriarum,

374 4698 427 4754 lib.
443 4700 467 4768 1,
483 4717 551 4770 pag.
570 4712 612 4753 11.
