3567 5409
821 459 1028 513 Mouuuourn
1053 458 1232 515 Icunrrnun

678 738 819 804 PATRI
843 614 1089 807 LUDOVVgg
1114 739 1375 808 COUDRETO

817 863 907 907 noun
929 864 961 921 14
981 864 1102 909 nemis
1123 866 1192 923 ¹554
1213 854 1234 912 ¹.

446 976 491 1030 De
502 978 650 1049 magistro
664 976 821 1032 Desiderio
829 983 858 1033 et
864 979 974 1049 fratrc
987 979 1222 1052 (tmpore-oe
1232 980 1465 1035 Bartholomco
1474 978 1583 1036 Attalo.

649 1066 695 1122 Do
707 1066 928 1137 supplicatione
941 1070 983 1123 od
995 1069 1197 1125 annexionom
1204 1068 1397 1141 faciendam.

478 1212 550 1277 Pax
567 1197 709 1278 Christi.

476 1326 710 1396 Riceuessimo
726 1328 838 1413 quella
854 1329 897 1395 de
914 1329 936 1395 6
951 1330 1006 1396 del
1023 1340 1195 1415 presente,
1214 1341 1248 1398 et
1265 1351 1325 1415 per
1341 1330 1455 1413 quella
1469 1326 1612 1397 intendit·

408 1464 465 1508 mo
480 1445 544 1511 che
560 1445 661 1509 Mtro.
681 1442 860 1511 Desiderio
875 1444 887 1476 ⁸
904 1455 957 1511 sta
973 1445 1136 1528 alquanto
1151 1444 1284 1524 deboh,
1299 1456 1334 1511 et
1346 1446 1460 1513 anche
1471 1444 1493 1509 il
1504 1442 1613 1511 fratello

408 1559 576 1644 Gasparo,
595 1558 696 1643 quale
712 1580 775 1645 pur
791 1560 825 1625 fa
841 1560 874 1625 la
893 1558 1026 1639 cocina,
1049 1559 1074 1624 il
1094 1562 1158 1627 che
1181 1582 1261 1645 pare
1282 1582 1328 1625 vn
1350 1579 1439 1645 poco
1459 1573 1571 1637 suano,
1590 1556 1612 1625 sl

408 1696 469 1759 per
491 1696 561 1740 non
584 1676 691 1743 esser'
714 1674 890 1742 essercitio
913 1675 957 1741 de
979 1674 1106 1757 deboli,
1127 1674 1157 1741 si
1177 1676 1280 1743 etiarn
1301 1696 1362 1761 per
1383 1697 1452 1741 non
1473 1672 1614 1742 esseredi

408 1790 542 1872 scolari3
566 1802 601 1859 et
621 1802 743 1877 questo
760 1790 894 1859 fratello
910 1790 939 1855 si
955 1792 1081 1857 mando
1097 1814 1117 1858 a
1132 1792 1160 1857 F
1161 1790 1277 1860 irenze
1292 1814 1352 1877 per
1369 1790 1510 1858 studiat.
1528 1791 1565 1857 V.
1580 1788 1613 1857 R.

407 1907 497 1973 ueda
512 1906 547 1971 di
563 1905 684 1993 pigliar
700 1928 746 1973 vn
768 1926 853 1972 coco
872 1906 1063 1987 forastiero,
1085 1928 1123 1975 se
1145 1928 1216 1973 non
1236 1909 1269 1973 lo
1292 1917 1391 1974 troua
1410 1908 1478 1975 che
1498 1904 1542 1973 sia
1559 1916 1614 1971 atto

407 2042 467 2106 per
482 2022 514 2087 la
530 2021 755 2107 Compagnia.
774 2021 819 2086 Et
834 2022 922 2087 altro
938 2031 1034 2089 tanto
1049 2021 1130 2089 dico
1147 2022 1191 2091 de
1202 2022 1412 2108 spenditore,
1428 2025 1493 2091 che
1504 2042 1563 2088 non
1574 2032 1614 2087 sta

407 2138 495 2206 bene
510 2141 576 2207 che
592 2138 614 2204 li
631 2136 752 2206 scolari
770 2137 904 2204 saccino
921 2138 980 2204 tali
997 2136 1112 2204 officii.
1609 2158 1611 2164 ’

474 2254 584 2340 Sopra
602 2254 844 2321 Bartholomeo
859 2252 991 2321 Alterio
1007 2257 1052 2320 ho
1069 2254 1156 2322 fatto
1172 2257 1296 2322 alcuna
1312 2252 1495 2341 diligenza,
1513 2265 1545 2323 et
1561 2252 1586 2319 ci
1602 2254 1616 2318 ἐ

407 2381 495 2437 stato
511 2368 717 2456 consigliato
732 2370 799 2435 che
815 2368 843 2435 si
860 2368 984 2436 debbia
1001 2370 1052 2436 far
1067 2368 1195 2437 ricorso
1211 2370 1268 2437 alli
1284 2368 1473 2437 comissarii
1487 2368 1567 2437 della
1578 2370 1615 2435 h·

407 2486 513 2566 brica‚
532 2484 624 2572 quali
645 2488 761 2552 hanno
781 2486 963 2567 auctorita,
986 2504 1047 2572 per
1067 2484 1168 2553 simili
1188 2484 1361 2571 dispenso,
1379 2484 1573 2554 sufficiente.
1588 2483 1616 2553 Si

406 2602 509 2687 quelli
531 2623 599 2667 non
621 2601 654 2667 lo
675 2600 817 2667 faranno
833 2622 936 2667 sanzo
951 2602 1097 2687 qualche
1113 2598 1360 2687 compositione
1375 2600 1419 2668 de
1436 2620 1556 2687 prezzo
1569 2620 1617 2665 no-

409 2717 523 2798 tabile,
542 2717 584 2783 V.
604 2718 645 2784 R.
663 2716 696 2783 ci
712 2715 799 2782 auisi
816 2726 946 2800 quanto
967 2716 989 2781 li
1010 2716 1029 2783 ὲ
1050 2716 1259 2796 dimandat0,
1282 2726 1318 2785 et
1338 2738 1377 2784 se
1398 2716 1524 2785 uederi
1546 2738 1576 2785 se
1593 2714 1618 2781 di

407 2855 474 2920 qua
490 2837 588 2920 potra
605 2844 779 2901 ottenerse
795 2854 855 2917 per
877 2830 989 2898 minor
1005 2854 1140 2919 prezzO.

474 2949 628 3018 Essendo
648 2948 682 3015 in
705 2947 824 3015 ordine
845 2948 877 3014 la
899 2947 1148 3034 supplicatione
1169 2948 1250 3016 dell'
1272 2947 1399 3015 vnione
1419 2948 1445 3029 ⁸,
1468 2970 1537 3015 non
1557 2949 1618 3013 hab·

406 3066 520 3134 biamo
543 3076 679 3133 trouato
701 3065 726 3131 il
750 3086 850 3132 nome
873 3066 929 3131 del
954 3064 1164 3151 resignante3
1187 3078 1221 3133 et
1245 3066 1331 3132 fatto
1351 3063 1479 3131 ricorso
1500 3066 1618 3131 alitro.

405 3182 576 3269 Gregorio
591 3182 748 3268 Epifano‚
765 3181 962 3249 intendemo
978 3182 1044 3249 che
1060 3179 1108 3247 lui
1125 3202 1193 3247 non
1210 3182 1256 3249 ha
1267 3190 1621 3277 procura-nessunapt

406 3300 509 3365 Mtro.
527 3296 668 3365 Gabriel
685 3296 837 3383 Vignodi
853 3317 977 3363 morse:
997 3295 1064 3362 Dio
1081 3296 1102 3360 l'
1122 3294 1250 3362 habbia
1269 3296 1291 3361 l'
1313 3295 1438 3363 anima.
1464 3294 1502 3364 Sl
1525 3294 1622 3363 cheh

406 3416 446 3480 R.
472 3415 516 3480 V.
544 3413 631 3479 ueda
654 3412 698 3478 de
722 3411 772 3478 far
796 3412 938 3477 mandar
961 3411 1046 3478 altra
1067 3431 1215 3497 procura
1237 3432 1258 3477 ο
1278 3388 1455 3499 significor
1478 3413 1567 3478 doue
1585 3420 1623 3475 sta

404 3529 528 3615 quella,
547 3527 627 3596 etei
644 3526 731 3594 auisi
747 3525 801 3594 del
818 3546 919 3593 nome
935 3526 990 3595 del
1007 3526 1217 3613 resignante,
1241 3526 1336 3593 accio
1357 3527 1387 3593 si
1410 3526 1550 3614 procuri
1573 3546 1622 3592 eon

404 3647 436 3711 la
451 3643 700 3731 supplicatione
716 3643 801 3710 satta
817 3653 852 3711 et
869 3653 965 3728 posta
982 3641 1017 3708 in
1033 3642 1152 3710 ordine
1169 3654 1290 3727 questa
1306 3642 1418 3731 gratia
1435 3644 1469 3709 di
1486 3644 1524 3712 S.
1539 3644 1575 3712 S.

472 3763 548 3829 Non
568 3761 668 3840 altr0,
691 3779 729 3825 se
752 3780 821 3824 non
842 3755 898 3823 ch'
923 3758 980 3824 all'
1006 3756 1150 3825 orationi
1174 3758 1209 3825 di
1234 3759 1277 3825 V.
1306 3759 1348 3824 R.
1376 3759 1481 3825 molto
1507 3756 1539 3825 ci
1567 3780 1624 3825 rac·

404 3874 658 3945 comandiam0.

469 3995 523 4060 De
540 3993 648 4059 Roma
668 4010 709 4073 14
723 3991 756 4056 d’
774 3989 895 4076 Aprile
917 4004 1013 4073 1554.

470 4109 665 4194 Inscriptio.
686 4106 841 4175 Firenze.
861 4108 963 4173 Mtro.
985 4105 1176 4173 Ludouieo.

458 4329 465 4359 ¹
505 4324 548 4378 Ex
561 4321 663 4377 codice
677 4322 795 4394 Rogost.
811 4320 854 4384 tt,
868 4318 921 4373 fol.
931 4334 977 4388 90.

455 4419 466 4449 ¹
504 4413 601 4484 Hujus
614 4410 670 4466 viri
682 4418 714 4466 et
724 4408 877 4482 sequentis
890 4408 1067 4475 cognomina
1081 4416 1231 4466 tacentur.

456 4505 467 4537 ³
505 4501 581 4557 Vide
595 4500 751 4573 epistolum
764 4496 846 4568 4349.
