3567 5409
399 449 452 521 234
775 451 984 510 Mortuerum
1003 453 1182 509 leuantur

360 607 388 675 si
403 608 460 675 hic
475 609 570 676 labor
585 628 707 696 parurn
723 605 881 674 uideatur
896 605 981 674 mihi
996 605 1103 676 fuhse
1114 607 1340 688 necessarius,
1355 618 1393 674 ut
1406 617 1528 677 tamen
1540 606 1600 673 in·

360 723 508 812 telligaS‚
525 724 642 805 Pater,
660 745 763 810 quarn
780 723 917 812 cupiam
932 745 1004 792 rem
1020 735 1154 811 gratam
1172 724 1284 792 lacere
1300 725 1341 793 T.
1361 725 1404 794 R.
1427 723 1538 791 etiam
1560 722 1600 788 in

359 831 397 909 re
408 839 549 909 minime
560 840 765 924 necessaria,
778 840 931 907 iucunda
942 851 1069 920 tamen,
1079 861 1199 926 parere
1211 838 1318 907 uolui.
1328 837 1597 921 Refutationes,

359 956 494 1042 quaein
507 957 602 1026 calce
614 968 707 1038 sunt,
726 965 1008 1044 argumentorum
1025 967 1147 1024 contra
1162 955 1341 1024 ueritatem
1357 956 1594 1035 obiectorum,

358 1073 446 1139 forte
461 1092 530 1140 nou
546 1071 722 1159 expediret
738 1071 901 1139 omnibus
915 1071 1062 1152 ostendi,
1080 1091 1125 1138 nc
1139 1072 1229 1138 male
1243 1069 1418 1158 dispositis
1432 1071 1597 1139 efficacia

358 1187 414 1253 illa
431 1197 635 1275 argumenta
651 1186 765 1275 potius
781 1208 883 1273 quam
898 1179 1089 1256 solutiones
1105 1187 1317 1256 uiderentur.
1336 1187 1405 1257 Sed
1422 1189 1488 1254 hoc
1508 1196 1595 1254 tuae

359 1303 562 1389 prudentiae
579 1302 813 1372 committitur.

422 1419 508 1487 Vale
524 1418 559 1484 in
577 1419 729 1499 Christ0,
749 1421 852 1487 Pater
869 1417 1087 1486 charissime.

423 1537 553 1604 Romae
569 1556 661 1604 xxnr
675 1535 830 1624 Januarii
852 1551 948 1621 1554.

423 1652 621 1737 Inscriptio.
639 1651 744 1730 Idem,
766 1663 801 1718 ut
818 1672 922 1737 supra
935 1647 997 1740 isc.
1018 1650 1185 1719 Louanio.
1204 1653 1306 1719 Mtro.
1328 1647 1504 1748 Adrianop.

633 1955 773 2023 PATRI
799 1831 1058 2022 LEONdiiaDoO
1083 1955 1314 2038 KESSELtQ

755 2083 845 2127 noun
857 2070 892 2126 23
904 2083 1052 2137 Jnrtunnn
1067 2083 1134 2141 1554
1148 2071 1169 2128 ¹.

352 2206 487 2280 Acceptis
499 2205 611 2262 litteris
623 2207 789 2278 respondet.
801 2205 976 2261 -Fructum
992 2203 1136 2261 Coloniae
1148 2205 1353 2278 colligendum
1370 2209 1485 2276 sperat:
1501 2209 1589 2276 optat

405 2298 439 2348 ut
460 2299 621 2364 corporum
641 2295 734 2366 pestis
755 2295 789 2349 iri
811 2296 992 2350 animarum
1015 2295 1143 2350 salutem
1161 2293 1528 2366 vertutum-Superiores
1543 2295 1588 2348 ad

404 2383 580 2438 Adrianum
595 2383 715 2438 litteras
727 2389 953 2442 commemorat.

424 2521 497 2585 Pax
513 2519 644 2586 Christi
660 2529 727 2600 etc.

419 2633 640 2720 Accepimus,
669 2633 869 2702 charissime
900 2639 1014 2719 Pater,
1037 2635 1168 2704 litteras
1189 2639 1232 2704 V.
1257 2639 1299 2703 R.
1321 2657 1343 2723 9
1364 2634 1579 2716 Decembris,

355 2748 500 2816 Louanii
526 2748 683 2836 scriptae,
712 2751 839 2835 quibus
865 2750 1097 2821 intelleximus
1124 2753 1305 2820 offitiosam
1333 2751 1580 2821 deductionem

351 2863 506 2949 magistri
528 2866 691 2932 Bernardi
713 2867 725 2900 ³
748 2867 941 2934 Louanium
966 2890 1088 2954 usque,
1111 2881 1145 2936 et
1168 2867 1302 2954 nepotis
1322 2870 1334 2902 ⁸
1356 2867 1579 2948 desiderium,

350 2992 385 3048 et
413 2980 558 3046 reditum
586 2983 630 3048 V.
661 2982 771 3049 Rtiae.
802 2984 983 3051 Coloniam
1010 3006 1090 3052 cum
1114 2986 1219 3052 fratre
1240 2986 1386 3066 Thoma,
1410 2996 1446 3050 et
1465 2983 1581 3054 omnia

348 3115 451 3181 quam
476 3095 621 3166 maxime
638 3099 851 3184 placuerunt;
870 3118 911 3166 ac
931 3121 1109 3186 speramus
1128 3119 1332 3186 prouectum
1355 3099 1501 3187 aliquem
1526 3099 1579 3166 in-

349 3209 483 3296 signem
511 3211 696 3297 spiritualis
723 3215 856 3280 fructus
883 3214 919 3280 iu
945 3237 987 3282 ea
1012 3213 1165 3294 ciuitate,
1195 3235 1283 3300 quae
1304 3215 1416 3282 valida
1436 3213 1578 3282 Domini

349 3346 452 3392 manu
480 3327 614 3413 pulsata
634 3349 674 3396 ac
699 3349 861 3414 percussa
881 3341 949 3397 est.
978 3329 1117 3398 Vtinam
1139 3331 1246 3417 pestis
1266 3331 1458 3418 corporalis
1478 3330 1578 3418 spiri-

348 3443 474 3508 tualem
506 3443 665 3529 expellat,
694 3456 729 3513 et
761 3466 851 3510 mors
879 3446 1077 3525 multorum,
1107 3445 1199 3514 vitae
1225 3446 1335 3513 multo
1363 3446 1512 3533 plurium
1541 3445 1578 3514 in

350 3557 489 3625 Christo
500 3560 585 3647 Jhu.
602 3580 707 3626 causa
722 3560 778 3626 sit.
1446 3555 1451 3564 ⁴

414 3673 450 3742 Si
478 3675 691 3743 mandorono
717 3675 820 3744 etiarn
844 3677 868 3743 li
895 3676 954 3744 doi
975 3677 1113 3765 capitoli
1134 3678 1243 3746 scritti
1265 3679 1355 3747 nella
1375 3680 1499 3748 lettera
1518 3678 1576 3744 del

347 3791 386 3855 P.
413 3789 567 3857 Adriano
585 3790 620 3856 di
641 3813 741 3878 sopra
760 3791 880 3859 scritta
901 3793 926 3859 ⁴.
947 3795 973 3859 11
994 3793 1102 3879 primo
1121 3815 1299 3864 comenia:
1325 3793 1436 3863 «Aliis
1450 3793 1576 3863 litteris

345 3904 388 3971 de
404 3916 516 3990 porta,
535 3926 623 3990 quae
643 3908 863 3994 euangelio».
886 3921 953 3978 etc.
978 3910 1004 3974 ll
1025 3911 1188 3978 secondo:
1214 3914 1308 3979 «Nos
1330 3913 1458 3979 Romae
1480 3911 1576 3978 vale·

346 4041 459 4099 must,
477 4031 542 4088 ele.
1409 4013 1414 4026 Ι

410 4137 605 4222 Inscriptio.
624 4138 799 4208 Coloniae.
820 4143 859 4208 P.
879 4143 1108 4225 leonardus„

346 4258 543 4270 ——---...

399 4319 405 4347 ¹
445 4315 488 4368 Ex
501 4315 603 4370 codice
619 4315 735 4389 Regast.
751 4319 793 4384 II,
808 4317 858 4377 fol.
873 4317 940 4390 37v,
954 4321 1032 4376 inter
1044 4323 1145 4393 plures
1157 4321 1206 4378 die
1220 4321 1255 4378 23
1268 4322 1401 4393 januarii
1418 4322 1574 4380 abeodem

345 4401 464 4458 librario
477 4404 613 4477 scriptae.
1539 4429 1542 4434 ·

395 4497 405 4526 ²
444 4491 581 4553 Oliverii.
597 4495 673 4550 Vide
687 4499 843 4568 epistolam
856 4509 1043 4571 sequentem.

299 4587 302 4592 '
395 4583 407 4614 ³
444 4583 626 4654 Postuerta,
644 4586 766 4650 Cicron..
783 4587 831 4648 lV.
846 4587 912 4657 300,
925 4598 1027 4647 annot.
1041 4606 1071 4660 4.

395 4673 406 4706 ⁴
443 4671 519 4727 Vide
533 4675 687 4745 epistolam
702 4677 883 4748 superiorem
897 4677 978 4747 4096.
