3567 5409
392 494 426 561 5⁶
765 489 972 546 Mouuuaurn
995 491 1172 548 munimus

352 646 423 720 quis
437 652 557 703 tantum
571 646 709 703 badatur
723 644 819 716 locus
834 645 889 703 vbi
904 645 1068 705 commode
1082 647 1222 707 residere
1236 649 1370 721 ualeant;
1389 652 1585 725 reperientur

352 754 436 812 enim
451 754 546 823 ciues,
565 752 618 826 qui
639 753 706 811 sine
722 750 846 825 publica
859 753 1000 826 impensa
1018 760 1051 811 et
1064 770 1169 825 onere,
1188 772 1295 814 eorum
1314 756 1468 815 alimentis
1481 766 1513 817 et
1526 775 1583 817 ne-

353 860 551 920 cessitatibus
565 861 715 935 prouisuri
729 860 799 930 sint,
814 876 853 917 eo
868 860 954 933 quod
969 861 1028 918 nisi
1043 878 1135 936 parce
1150 863 1268 922 uictum
1281 873 1441 937 quaerant,
1460 881 1583 925 necnon

354 970 543 1044 deputentur
557 968 642 1027 ciues
656 968 761 1042 aliqui,
776 968 830 1041 qui
844 983 951 1025 curam
963 966 1099 1026 habeant
1111 970 1299 1042 prouidendi
1314 988 1396 1045 quae
1408 973 1583 1031 fuerintne-

356 1078 500 1147 cessaria,
514 1083 580 1135 tum
593 1077 625 1135 in
639 1074 909 1135 accommodando
927 1076 1008 1147 loco,
1024 1075 1078 1134 ubi
1092 1075 1209 1155 degere
1227 1087 1260 1137 et
1277 1080 1418 1138 habitare
1438 1080 1587 1151 debeant,

356 1200 490 1259 suasque
505 1182 640 1259 profiteri
655 1184 825 1253 doctrinas,
839 1190 906 1241 tum
919 1184 979 1243 alia
994 1182 1128 1243 faciendi
1143 1201 1238 1258 super
1251 1188 1312 1245 hoc
1327 1189 1456 1265 negotio
1470 1205 1585 1264 oppor-

357 1302 442 1351 tuna.

417 1399 605 1457 Examinata
623 1399 727 1473 itaque
749 1416 793 1471 re,
812 1399 1032 1457 commendato
1051 1400 1183 1473 primum
1202 1402 1305 1459 animo
1323 1409 1386 1461 tam
1407 1404 1491 1479 pium
1505 1422 1587 1479 opus

359 1507 610 1583 proponentium,
624 1507 769 1566 videntes
786 1504 826 1564 ab
840 1508 901 1565 hoc
915 1523 1011 1581 opere
1026 1506 1190 1582 plurimum
1203 1508 1344 1568 utilitatis
1363 1518 1587 1585 prouenturum

343 1615 426 1687 ¹iore
440 1615 565 1686 ciuitati,
579 1614 658 1672 ultra
672 1614 823 1673 honorem
838 1612 909 1686 Dei,
922 1615 1011 1672 euius
1026 1614 1056 1671 in
1072 1614 1181 1687 primis
1191 1618 1358 1692 praecipua
1369 1618 1465 1677 debet
1479 1620 1587 1679 haberi

359 1723 447 1793 rati0,
461 1722 546 1780 omni
561 1722 679 1780 meliori
694 1720 799 1781 modo

420 1829 496 1888 Sese
522 1830 561 1888 ad
582 1828 720 1888 calculos
743 1827 938 1886 absoluendo
964 1827 1170 1900 tradiderunt,
1195 1837 1228 1887 et
1251 1831 1487 1907 assignauerunt
1511 1834 1589 1907 ipsis

361 1937 551 2014 presbiteris,
565 1945 598 1995 et
611 1953 666 1995 sen
681 1952 789 1995 eorum
804 1936 907 1993 ordini
922 1944 955 1993 et
969 1939 1139 1995 conuentui
1154 1938 1320 1997 ecclesiam
1334 1948 1460 1999 sanctae
1473 1942 1589 2000 Mariae

362 2046 571 2105 Annuntiatae
590 2044 704 2103 ueteris
724 2060 794 2102 curn
812 2050 879 2101 toto
900 2043 1033 2102 clanstro
1053 2053 1086 2103 et
1104 2046 1246 2122 clausura
1264 2046 1405 2104 eiusdem
1426 2049 1589 2121 ecclesiae,

361 2172 455 2227 quarn
479 2154 509 2211 in
532 2151 709 2225 praesentia
727 2152 832 2223 habet,
853 2151 1026 2210 dummodo
1043 2160 1149 2211 tamen
1169 2155 1344 2230 respublica
1363 2156 1480 2215 nullum
1505 2157 1590 2215 alind

361 2278 442 2319 onus
461 2260 575 2319 habeat
593 2276 648 2335 pro
669 2259 724 2329 eis,
742 2275 801 2317 nec
819 2258 859 2317 ad
879 2260 972 2319 aliam
986 2260 1157 2335 impensam
1177 2262 1316 2323 obnoxia
1330 2264 1380 2336 sit,
1401 2266 1591 2340 insuperque

362 2369 593 2441 deputauerunt
606 2366 784 2441 prouisores
798 2382 892 2439 super
905 2368 966 2425 hoc
980 2369 1107 2443 negotio
1118 2368 1240 2429 nobiles
1254 2380 1286 2428 et
1299 2379 1492 2445 praestantes
1503 2372 1590 2431 viros

362 2475 571 2551 Augustinum
595 2474 815 2553 Lomellinum,
840 2471 1056 2555 q[uondam]⁶
1078 2476 1217 2547 Ansaldi,
1237 2477 1430 2563 Stephanum
1453 2478 1479 2537 F
1480 2480 1590 2538 liscum

364 2583 505 2661 Raginm,
516 2580 669 2649 Thornam
684 2580 844 2655 Spinulam
859 2578 1041 2661 [qnondam]
1050 2584 1096 2657 Jo.
1107 2583 1246 2656 Antonii,
1262 2593 1294 2644 et
1308 2586 1505 2645 Franciscum
1520 2584 1591 2645 Cat·

361 2700 488 2750 taneum
508 2691 632 2761 Banam,
650 2690 703 2763 qui
717 2706 822 2749 curam
840 2688 976 2748 habeant
995 2691 1193 2765 perquirendi
1213 2693 1299 2751 ciues
1320 2694 1351 2751 in
1363 2694 1591 2753 contribuendo

363 2800 434 2858 huic
449 2800 536 2873 operi
551 2797 800 2872 prouidendique
811 2797 893 2855 circa
904 2814 1012 2857 eorum
1023 2799 1171 2857 stationes
1182 2806 1215 2857 et
1229 2799 1437 2859 habitationes
1451 2818 1488 2859 ac
1500 2801 1590 2860 etiam

362 2907 510 2967 alimenta
530 2906 570 2963 de
589 2904 773 2963 necessariis
791 2904 918 2975 adhoc,
938 2914 972 2962 nt
986 2905 1167 2965 huiusmodi
1184 2909 1292 2983 regula
1307 2915 1339 2966 et
1358 2908 1466 2985 religio
1488 2910 1546 2967 hac
1560 2909 1590 2967 in

363 3014 490 3089 ciuitate
510 3022 602 3087 prout
622 3012 652 3069 in
667 3012 770 3070 multis
785 3012 851 3070 aliis
865 3012 971 3093 ltaliae
990 3014 1163 3085 consideat,
1178 3023 1209 3072 et
1223 3014 1370 3087 firmetnr;
1391 3023 1424 3074 et
1440 3016 1487 3074 sic
1500 3013 1592 3091 prout

362 3137 459 3196 supra
473 3120 688 3178 decreuerunt.

968 3259 991 3346 i

429 3406 515 3477 1661,
529 3405 580 3465 die
595 3406 616 3463 6
634 3404 775 3482 Augusti.
791 3404 974 3464 Extractum
994 3406 1051 3464 fuit
1070 3407 1102 3463 in
1117 3406 1274 3480 omnibns,
1293 3415 1445 3482 utsupra,
1460 3426 1504 3466 ex
1518 3407 1594 3467 solio

365 3522 503 3573 actorum
529 3530 621 3585 nunc,
646 3509 831 3592 q[nondam]
857 3512 1013 3590 magnifici
1031 3512 1189 3573 Francisci
1208 3515 1249 3573 de
1267 3515 1364 3593 Nigro
1379 3514 1501 3590 Pasqua
1520 3524 1594 3575 tunc

364 3622 514 3696 temporis
528 3638 547 3679 a
560 3622 690 3679 secretis
701 3621 793 3679 huius
807 3622 1021 3680 serenissimae
1036 3622 1236 3697 reipublicae,
1246 3624 1403 3682 existente
1413 3624 1445 3681 in
1456 3624 1594 3682 archiuio

365 3730 517 3800 eiusdem,
532 3728 619 3788 saluo
634 3737 693 3788 etc.

427 3832 638 3912 Hieronymus
653 3835 830 3907 Borlascba,
844 3836 983 3895 notarius
998 3844 1030 3895 et
1040 3836 1116 3896 dicti
1126 3838 1254 3897 archinii
1264 3839 1477 3901 cancellarius

421 4063 433 4096 ⁵
470 4059 727 4133 Compendiariam
741 4068 853 4128 notam,
865 4076 942 4133 quae
957 4060 987 4116 in
1001 4069 1087 4116 textu
1099 4060 1268 4131 adhibetur,
1279 4062 1428 4119 enucleari
1442 4064 1500 4119 hoc
1511 4060 1599 4119 modo

369 4166 456 4221 posse
470 4160 608 4223 putemus
621 4166 658 4206 ex
672 4149 717 4215 iis,
733 4165 809 4221 quae
823 4151 963 4220 leguntur
976 4150 1007 4207 in
1019 4152 1163 4223 opusculo
1177 4152 1312 4225 Reipubl.
1326 4153 1493 4211 Ganveusis
1507 4152 1600 4226 Legat

370 4256 465 4295 novae
478 4256 495 4294 a
507 4238 597 4294 Petro
604 4239 708 4294 Bizaro
725 4237 817 4309 edito,
831 4255 898 4311 cap.
911 4238 958 4311 58,
971 4239 1023 4312 qni
1040 4240 1130 4295 etiam
1142 4242 1341 4312 genuensium
1358 4241 1533 4298 familiarum
1550 4258 1600 4298 eo·

367 4331 549 4401 optationem
562 4328 692 4385 declarat
705 4328 735 4384 in
747 4327 955 4385 dissertatione
972 4330 1016 4386 De
1028 4333 1169 4387 uniuerso
1189 4332 1325 4405 Reipubl.
1342 4331 1508 4389 Genvaasis
1519 4336 1600 4388 statu

366 4426 395 4477 et
408 4418 689 4492 administratione,
706 4418 784 4489 apud
801 4418 984 4489 Genavtutt,
1008 4418 1176 4476 Thesaurus
1189 4423 1405 4492 antiquitatum
1418 4427 1446 4477 at
1459 4422 1601 4478 historin·

371 4528 439 4567 rum
454 4508 574 4574 ltaliae,
590 4517 610 4564 t.
626 4508 650 4577 I,
663 4516 746 4580 parte
761 4510 935 4582 posteriore,
947 4512 1006 4568 col.
1023 4523 1101 4581 1455.
