3567 5409
404 473 456 530 ²44
780 459 1191 518 Monuuettm.Ionamana

367 634 408 682 ca
424 613 448 680 il
463 612 606 700 leggere
621 613 765 697 qualche
781 633 862 680 cosa
877 612 910 678 al
925 613 1026 679 Rmo.
1042 623 1109 679 etc.
1128 612 1155 692 ⁸,
1173 633 1256 699 pare
1271 631 1342 679 non
1358 609 1388 679 si
1408 610 1509 697 potra
1531 615 1600 679 tar’

366 727 562 810 altrimenti,
580 728 714 795 benche
731 749 801 795 non
816 731 863 796 ho
880 729 1014 795 hauuto
1030 739 1146 814 tempo
1159 728 1205 820 de
1219 727 1369 796 conferit
1383 738 1507 814 questo
1528 747 1600 794 oon

365 846 410 914 N.
430 847 485 926 Ρ.,
504 854 539 913 et
554 845 575 910 l’
592 844 678 911 altra
693 843 873 912 settimana
889 842 918 912 si
935 843 1098 911 mandere
1119 843 1265 931 risposta
1286 842 1344 930 pio
1363 842 1538 926 rissoluta,
1560 854 1599 910 et

365 959 571 1028 similmente
583 961 663 1029 dell'
677 962 784 1029 andar
795 962 893 1028 fuora
908 981 976 1028 con
991 980 1080 1028 ceso.
1099 959 1149 1028 Le
1164 957 1403 1028 constitutioni
1418 979 1503 1026 sono
1519 978 1597 1027 cer·

313 1150 315 1159 ,
364 1088 399 1143 to
415 1079 479 1146 che
495 1098 564 1143 non
578 1097 790 1164 repugnan03
809 1097 865 1143 ma
880 1073 903 1141 l'
918 1073 1137 1144 abandonare
1150 1076 1175 1143 l'
1193 1096 1297 1162 opera
1311 1075 1347 1142 di
1362 1077 1505 1143 Ferrara
1520 1075 1595 1158 fot·

365 1215 403 1261 se
418 1193 702 1285 repugnarebbe.¹

430 1307 510 1376 Alla
525 1307 665 1396 signora
688 1307 856 1375 Fattora⁴
877 1307 1008 1374 consoli
1023 1311 1108 1397 Jeso
1128 1308 1194 1376 X.⁰
1214 1307 1261 1376 Se
1281 1307 1331 1394 gli
1351 1305 1369 1374 ὲ
1391 1306 1511 1374 scritto
1532 1329 1596 1395 per

362 1424 407 1492 N.
427 1424 466 1490 P.
487 1422 509 1489 l'
527 1425 613 1490 altra
630 1422 825 1494 settimana.

428 1539 533 1606 Certa
548 1540 670 1606 lettera
685 1537 949 1606 raceomandata
968 1539 1024 1624 pel
1038 1537 1143 1606 Card.
1165 1538 1209 1607 de
1229 1537 1334 1625 Carpi
1351 1541 1364 1574 ⁸
1386 1539 1458 1605 sara
1478 1539 1523 1605 V.
1548 1540 1591 1606 R.

362 1653 412 1722 sia
427 1655 508 1721 data
523 1676 543 1721 a
560 1653 714 1742 ricapit0.

427 1769 518 1838 Delli
532 1767 651 1838 danari
665 1770 721 1857 pel
738 1772 778 1837 P.
797 1771 899 1839 Mtro.
918 1769 1073 1838 Adriano
1087 1772 1114 1853 ⁸,
1132 1769 1270 1856 quando
1285 1769 1431 1837 andasee
1444 1769 1534 1837 fuori
1546 1769 1591 1837 de

361 1887 388 1954 F
388 1907 514 1968 errata,
532 1908 570 1954 se
585 1886 639 1973 gli·
650 1886 881 1954 manderanno
898 1884 1019 1971 quanti
1034 1884 1230 1972 bisogneri.
1251 1886 1407 1953 Essendo
1419 1885 1454 1952 in
1466 1886 1590 1953 Ferra-

360 2023 397 2068 ra
413 2023 481 2069 non
499 2022 579 2088 pare
595 1999 826 2069 conueniente
842 2001 905 2068 far'
923 2013 1046 2086 questa
1062 2021 1239 2088 uergogna
1255 2023 1275 2068 a
1292 2002 1338 2071 V.
1357 2002 1413 2082 R.,
1431 2021 1530 2070 come
1552 2023 1591 2071 se

359 2116 404 2185 lei
420 2139 490 2184 non
507 2119 661 2184 bastasse
678 2138 737 2203 per
753 2115 902 2203 sopplire
918 2115 975 2183 alli
991 2117 1067 2183 suoi
1083 2115 1235 2203 bisogni.
1269 2171 1272 2175 ,

424 2233 527 2320 Degli
544 2233 665 2302 fratelli
681 2235 783 2302 Mtro.
802 2233 830 2300 F
832 2253 998 2303 rancesco
1015 2243 1049 2298 et
1067 2235 1171 2302 Mtro.
1184 2232 1360 2300 Lodouico
1380 2235 1404 2315 ¹,
1419 2254 1588 2320 presupo-

357 2351 411 2409 sta
426 2342 459 2408 la
474 2339 630 2407 diuotion
642 2359 718 2422 sua,
732 2339 829 2426 potii
842 2340 886 2407 V.
902 2341 943 2406 R.
958 2338 1195 2426 comandargli
1210 2341 1277 2408 che
1288 2339 1419 2426 piglino
1430 2340 1479 2426 gl'
1492 2339 1589 2408 ordi·

357 2456 392 2522 ni
408 2456 510 2536 sacri,
524 2465 559 2525 et
572 2457 663 2524 forse
674 2477 735 2542 per
745 2456 768 2521 l'
784 2456 869 2522 altra
881 2453 1063 2521 settimana
1075 2456 1119 2521 N.
1136 2457 1176 2521 P.
1193 2456 1228 2522 lo
1239 2453 1445 2522 comanderl
1455 2454 1492 2521 di
1504 2477 1585 2540 qua.

421 2569 523 2638 Circa
537 2569 561 2637 il
579 2570 724 2652 fratello,
739 2591 799 2656 per
811 2569 867 2637 chi
880 2591 924 2636 ua
936 2580 1058 2654 questa
1069 2569 1181 2656 poliza
1192 2571 1326 2637 inclusa
1337 2573 1364 2651 ⁸,
1380 2572 1424 2638 V.
1439 2572 1481 2639 R.
1495 2571 1588 2640 dene

353 2705 475 2755 curare
485 2685 522 2752 in
535 2686 581 2752 tal
595 2687 696 2752 modo
707 2686 739 2752 le
753 2683 932 2753 tentationi
943 2685 976 2750 d’
991 2682 1213 2766 immonditia‚
1231 2687 1297 2754 che
1313 2684 1344 2753 si
1361 2685 1487 2752 ricordi
1504 2687 1585 2756 dell'

352 2801 439 2868 altra
453 2799 614 2867 infirmitl
632 2801 675 2869 de
691 2799 838 2888 scropoli
853 2811 888 2867 et
906 2800 1107 2868 melancolia
1118 2813 1144 2866 ⁸.
1159 2803 1289 2868 Nostro
1304 2801 1414 2868 Padre
1425 2801 1455 2868 si
1467 2801 1585 2869 rimet-

353 2913 386 2986 ¹te
402 2939 422 2984 a
441 2917 485 2984 V.
504 2918 546 2983 R.
565 2928 695 3002 quanto
711 2915 803 2984 allui:
823 2917 971 3002 proceda
987 2937 1086 2984 come
1102 2915 1197 2985 Iddio
1213 2916 1262 3004 gli
1278 2916 1457 3004 inspirera.
1477 2917 1510 2984 A
1527 2939 1586 2986 me

351 3054 479 3119 pareua
504 3035 571 3100 che
597 3033 688 3100 fosse
711 3034 800 3100 bene
820 3031 1008 3118 prohibirlo
1029 3033 1228 3102 totalmente
1247 3031 1271 3099 il
1293 3033 1493 3102 conuersar'
1517 3053 1583 3100 con

346 3149 463 3238 'quella
479 3169 625 3235 persona
640 3151 705 3216 che
720 3149 768 3234 gli
784 3147 828 3214 da
844 3148 1025 3216 occasione
1043 3147 1078 3214 di
1100 3149 1254 3230 tentarsi,
1277 3159 1313 3215 et
1335 3149 1447 3216 anche
1467 3169 1584 3216 essor-

350 3265 438 3331 tarlo
452 3287 473 3330 a
489 3285 556 3330 non
574 3264 608 3330 lo
624 3263 839 3351 risguardare
857 3262 923 3332 mai
939 3263 1148 3344 fissamente,
1165 3277 1200 3332 et
1221 3263 1398 3333 moderare
1418 3264 1453 3330 la
1474 3285 1584 3350 quan-

351 3380 411 3446 tita
439 3381 494 3448 del
521 3377 611 3459 cibo,
641 3401 678 3446 se
698 3383 819 3465 patera
839 3399 954 3446 essere
974 3377 1092 3460 nimio,
1114 3388 1150 3445 et
1169 3380 1280 3448 anche
1299 3381 1385 3446 farlo
1406 3380 1583 3466 adaequat

348 3496 436 3564 bene
457 3495 480 3561 il
504 3494 597 3576 uino,
621 3509 656 3563 et
676 3517 745 3562 non
766 3496 799 3560 lo
819 3494 940 3561 laseiar
962 3493 1106 3581 pigliare
1121 3493 1260 3561 estremi
1275 3493 1311 3561 di
1326 3493 1528 3581 penitentia,
1545 3507 1585 3563 et

347 3611 443 3678 dario
459 3612 576 3678 buono
591 3609 705 3678 animo
721 3608 918 3696 leuandogli
934 3611 967 3675 la
983 3609 1218 3695 paura,quale
1229 3608 1341 3697 potria
1354 3611 1439 3677 farlo
1451 3611 1581 3680 melen-

347 3727 458 3795 colico
479 3726 506 3797 δ.
530 3727 596 3794 Del
617 3738 708 3796 resto
729 3727 751 3792 1¹
771 3724 914 3792 untione
929 3725 986 3792 del
1002 3736 1102 3792 santo
1117 3725 1245 3812 Spin'to
1261 3725 1446 3814 insegnerti
1462 3727 1580 3812 quello

346 3846 410 3911 che
426 3843 606 3912 conuiene.
626 3843 651 3910 ss
669 3843 844 3908 mandatio
860 3842 959 3907 fuora
971 3861 1039 3907 non
1057 3859 1140 3926 pare
1154 3841 1299 3909 sarebbe
1317 3851 1438 3928 troppo
1450 3843 1484 3908 al
1497 3864 1577 3929 pro·

347 3958 539 3969 ——n-—un

397 4021 411 4048 a
447 4005 500 4070 sic,
512 4009 570 4074 pro
584 4001 768 4060 malinconia.
807 4003 857 4045 -b
875 4001 929 4065 sic,
941 4006 999 4073 pro
1013 3998 1217 4057 malinconico.

346 4103 543 4114 ———--

397 4149 408 4182 ⁵
445 4146 613 4203 Ludovicus
628 4145 773 4203 Estensis.

395 4239 408 4273 ⁴
445 4237 534 4291 Maria
548 4236 692 4291 Frassona
704 4234 742 4289 de
756 4233 863 4290 Geseo.
878 4233 955 4288 Vide
968 4233 1123 4305 epistolam
1136 4247 1218 4302 4094.

396 4329 407 4361 ⁵
444 4322 885 4396 RodulphusPiusCarpensis.
997 4367 1003 4378 .

394 4419 404 4452 ⁸
443 4414 591 4470 Adrianus
605 4413 770 4471 Candidus.

395 4509 405 4538 ⁷
443 4503 617 4559 Franciscua
639 4502 739 4574 Scipio
760 4511 790 4557 et
814 4500 983 4557 Ludovicus
1003 4500 1196 4570 Harmeville,
1217 4499 1289 4555 aliae
1309 4499 1478 4556 Ludovicus
1497 4503 1574 4558 colo-

340 4611 463 4651 menate.

391 4685 404 4722 ⁸
442 4683 590 4740 Fabritius
606 4683 727 4754 Vignes.
742 4679 818 4736 Vide
829 4681 986 4751 epistolam
999 4679 1193 4753 superiorem.
