3567 5409
410 494 445 565 58
784 494 991 550 Mouuunurn
1014 493 1193 549 Iouernoi

374 647 600 735 qualsiuoglia
615 649 702 715 altro
717 648 823 734 luogo
839 646 871 715 d'
885 646 982 714 italia
998 668 1021 715 o
1035 645 1164 729 Sicilia3
1181 657 1218 714 et
1234 668 1302 715 non
1319 647 1423 714 uuole
1444 647 1488 713 N.
1514 647 1554 713 P.
1572 644 1606 712 si

375 764 526 851 perdone
542 784 562 830 a
578 762 725 850 collegio
741 764 898 844 nissum,
916 762 951 830 ni
966 784 988 830 a
1001 762 1134 843 denari,
1152 765 1218 830 che
1237 782 1362 830 serano
1381 760 1604 841 neccessarii,

324 868 326 879 ’
376 879 538 965 oportuni
551 900 609 966 per
622 880 657 947 lo
669 879 815 967 aggiuto
827 881 871 947 de
882 900 946 947 sua
961 878 1084 961 sanitd3
1099 889 1134 947 et
1146 899 1217 945 non
1228 880 1375 947 essendo
1386 879 1474 944 altro
1487 878 1604 957 modo,

376 994 400 1062 li
419 994 551 1082 piinno
571 994 724 1083 prestati,
749 994 832 1064 etei
849 994 1006 1075 auisano,
1029 995 1158 1081 perche
1177 994 1213 1061 di
1227 1016 1297 1081 qua
1316 992 1340 1059 li
1357 994 1607 1080 prouedererno

376 1110 507 1191 subito,
530 1122 757 1196 quantunque
778 1108 949 1197 inpignati
964 1122 1000 1177 et
1015 1108 1229 1179 indebbitati.
1249 1111 1275 1177 ll
1292 1111 1332 1177 P.
1348 1112 1451 1177 Mtro.
1464 1107 1607 1176 Giouan

260 1224 264 1233 '
377 1227 548 1293 Peletario
564 1226 667 1295 etiam
685 1228 813 1293 douera
830 1225 1006 1313 aggiutar,
1028 1226 1155 1313 poiche
1170 1224 1194 1291 il
1209 1224 1407 1292 comissario
1424 1244 1494 1291 non
1510 1222 1529 1291 ὲ
1546 1223 1607 1309 piu

376 1342 409 1407 d'
429 1364 476 1409 un
492 1343 640 1429 collegio
660 1344 727 1409 che
748 1342 781 1408 d'
800 1343 899 1409 altro.
925 1342 1001 1409 Con
1022 1351 1146 1427 questo
1165 1363 1234 1407 non
1255 1340 1283 1407 si
1306 1338 1372 1409 stia
1386 1339 1605 1426 aspettando,

376 1458 598 1525 mancandosi
614 1456 638 1523 il
654 1457 881 1538 neccessario
899 1456 959 1544 piu
976 1468 1104 1545 presto,
1118 1478 1219 1524 como
1235 1460 1282 1523 ho
1297 1456 1404 1536 detto,
1417 1453 1606 1547 cerc[h]ino

376 1575 517 1659 prestati
530 1574 661 1655 denari,
679 1573 759 1641 etei
776 1572 931 1654 anisam,
946 1572 1003 1641 oli
1018 1572 1171 1662 pigliano
1186 1597 1207 1640 a
1222 1573 1358 1640 cambio
1365 1594 1471 1659 sopra
1482 1570 1518 1637 di
1534 1592 1602 1637 me.

377 1688 421 1756 V.
442 1690 483 1757 R.
507 1688 530 1755 li
550 1688 629 1756 dica
647 1689 750 1757 etiam
772 1691 815 1757 de
836 1702 932 1776 parte
953 1690 998 1757 de
1018 1691 1063 1757 N.
1088 1691 1131 1756 P.
1155 1692 1220 1757 che
1240 1710 1311 1756 non
1328 1687 1356 1755 si
1373 1687 1459 1774 pigli
1477 1688 1606 1753 afanno

377 1803 519 1872 nissuno
535 1804 614 1874 dell'
634 1805 754 1887 offitio,
773 1808 839 1874 che
854 1804 956 1873 insin’
970 1827 991 1871 a
1007 1815 1103 1871 tanto
1118 1806 1185 1871 che
1205 1802 1269 1871 stia
1285 1824 1382 1884 sano,
1406 1802 1443 1869 di
1463 1824 1531 1887 qua
1551 1803 1606 1869 fa-

376 1942 476 1988 remo
499 1941 597 1987 como
621 1920 741 2007 prima;
766 1934 801 1991 et
822 1923 887 1988 che
912 1922 1052 1989 attende
1074 1945 1094 1988 a
1115 1932 1186 1988 star
1201 1920 1236 1986 di
1257 1921 1373 1987 buona
1394 1917 1510 2006 uogiia
1526 1930 1561 1986 et
1585 1941 1606 1985 a

375 2057 489 2116 sanar,
504 2036 539 2102 in
551 2038 679 2105 luocho
691 2035 770 2107 dell’
782 2038 868 2105 altre
885 2036 1116 2123 occupationi3
1130 2058 1200 2103 non
1217 2035 1240 2102 li
1256 2036 1340 2103 lasci
1352 2035 1395 2105 nd
1407 2036 1519 2103 anche
1531 2034 1607 2103 dire

345 2163 347 2170 '
375 2150 498 2233 offitio,
516 2152 559 2220 ne
575 2152 755 2239 occuparsi
772 2152 806 2221 in
823 2155 910 2219 altra
926 2173 1009 2218 cosa
1024 2154 1092 2221 che
1112 2152 1209 2219 lidia
1229 2154 1330 2219 alcun
1354 2150 1504 2220 fastidio.
1526 2152 1606 2218 Non

376 2268 399 2334 li
420 2268 536 2335 scriuo
560 2290 621 2355 per
640 2290 710 2335 non
733 2268 757 2335 li
777 2271 838 2336 dar
861 2270 906 2335 da
926 2268 1060 2357 legger,
1086 2292 1140 2336 ma
1164 2271 1208 2337 V.
1232 2271 1274 2336 R.
1299 2268 1323 2334 li
1345 2272 1443 2355 potra
1463 2270 1607 2355 leggere

375 2396 499 2468 questo
516 2384 664 2473 capitolo
685 2397 720 2455 et
735 2388 768 2455 le
783 2401 875 2455 noue
890 2386 970 2453 dell’
989 2386 1097 2453 India.

443 2502 476 2567 A
494 2503 596 2569 Mtr0.
616 2501 909 2588 Buonainsegna‘
926 2501 955 2569 si
971 2502 1124 2571 scriuera
1140 2523 1209 2569 non
1225 2500 1318 2568 studi
1334 2513 1468 2587 troppo.

443 2616 509 2685 Del
525 2616 694 2686 beneficio
709 2616 743 2683 di
760 2618 830 2684 don
847 2619 1014 2684 Pantaleo
1033 2621 1045 2653 ³
1062 2617 1104 2685 V.
1126 2620 1167 2685 R.
1186 2618 1220 2683 lo
1235 2617 1334 2704 porra
1350 2618 1479 2704 godere
1499 2615 1602 2682 insin'

375 2753 395 2798 a
412 2742 508 2798 tanto
523 2734 581 2799 ch’
599 2734 686 2799 altro
702 2754 739 2801 se
755 2732 777 2798 li
794 2732 919 2801 scriue.
938 2735 982 2800 Et
998 2734 1090 2801 circa
1105 2735 1218 2819 quella
1234 2735 1345 2824 detta.
1359 2733 1506 2801 essendo
1522 2752 1605 2798 cosa

374 2846 528 2927 debbita,
548 2868 645 2915 como
662 2860 789 2915 mostra
810 2849 901 2917 nella
920 2850 1055 2930 lettera,
1073 2870 1158 2935 pare
1173 2848 1203 2915 c’
1219 2851 1239 2915 ὁ
1254 2848 1314 2935 piir
1335 2848 1476 2935 ragione
1492 2846 1526 2913 di
1549 2868 1604 2913 so·

374 2963 490 3030 disfar.
509 2963 548 3031 Si
565 2962 671 3032 cheli
693 2964 789 3032 srutti
810 2964 846 3031 in
866 2976 965 3051 parte
986 2966 1143 3052 potriano
1164 2964 1345 3053 applicarsi
1365 2988 1385 3032 a
1405 2973 1542 3051 questo,
1568 2965 1603 3030 in

374 3090 470 3165 parte
487 3079 530 3146 V.
551 3080 592 3147 R.
616 3080 639 3145 li
656 3081 786 3167 spenda
809 3080 911 3147 insin’
928 3104 949 3148 a
966 3094 1075 3163 tantu,
1098 3104 1196 3170 corne
1215 3084 1261 3149 ho
1284 3082 1393 3162 detto,
1414 3084 1480 3149 che
1503 3079 1531 3146 si
1548 3078 1604 3146 dia

374 3195 461 3262 altro
478 3194 587 3261 auiso.

349 3322 352 3329 '
439 3312 489 3377 Le
511 3310 728 3398 indulgentie
752 3312 856 3399 peril
881 3314 1068 3382 secretario
1089 3312 1125 3380 di
1148 3314 1306 3382 Granere
1329 3312 1357 3380 si
1382 3312 1601 3400 spediseono,

374 3428 506 3495 berche
523 3448 591 3493 non
608 3450 695 3494 sono
712 3428 861 3522 riceuuti
878 3430 1008 3497 denari.

436 3544 490 3611 De
507 3546 610 3611 Mtro.
629 3542 784 3611 Adriano
800 3547 812 3579 ⁰
831 3565 900 3610 non
917 3544 946 3610 si
960 3544 1103 3612 doueria
1119 3545 1263 3613 mandar
1279 3568 1298 3611 a
1315 3546 1461 3613 Modena
1478 3566 1516 3611 se
1532 3564 1601 3609 non

373 3680 432 3744 per
449 3660 556 3726 maior
572 3659 783 3727 commoditai
803 3662 846 3727 de
863 3683 927 3727 sua
943 3661 1066 3729 sanita,

438 3776 518 3842 Non
540 3777 641 3856 altro,
665 3798 788 3845 senon
809 3779 873 3843 che
890 3776 945 3843 all'
962 3776 1107 3844 orationi
1127 3779 1162 3844 di
1179 3780 1225 3847 V.
1243 3778 1285 3845 R.
1306 3780 1410 3845 molto
1433 3777 1466 3844 oi
1483 3798 1602 3844 racco-

373 3890 578 3974 mandiamo‚
596 3903 631 3958 et
647 3912 812 3978 pregamo
828 3891 925 3959 iddio
946 3894 991 3959 N.
1011 3893 1048 3961 S.
1068 3915 1088 3959 a
1103 3892 1184 3959 tutti
1200 3892 1257 3961 dia
1274 3892 1384 3980 gratia
1404 3891 1440 3958 di
1456 3912 1603 3959 conocer

371 4016 406 4075 et
422 4008 600 4093 esseguire
615 4029 679 4074 sua
695 4007 891 4075 santissima
908 4010 1064 4076 uoluntri.

438 4124 491 4189 De
509 4126 617 4190 Roma
638 4123 727 4190 rodi
746 4125 937 4193 Decembre
954 4140 1050 4209 1553.

439 4242 636 4325 Inscriptio.
658 4244 690 4307 A
710 4240 879 4327 Bologna,
898 4241 930 4307 al
948 4242 1059 4306 Padre
1075 4242 1143 4307 don
1161 4244 1352 4309 Francesco
1367 4242 1510 4309 Palmio.

334 4452 336 4457 ’
425 4458 436 4489 ⁴
474 4453 608 4509 Andreas
622 4454 822 4525 Boninsegna,
837 4452 932 4509 incola
951 4454 1137 4514 mutinensis.
1156 4455 1233 4511 Vide
1250 4458 1407 4529 epistolam
1426 4466 1601 4531 sequentem

372 4544 409 4599 ad
426 4546 585 4602 Leernum.

425 4636 436 4669 ⁵
474 4633 616 4687 Pantaleo
633 4632 798 4687 Rhodinus.

425 4728 436 4759 ⁶
474 4722 622 4779 Adrianus
635 4722 795 4795 Candidus,
812 4722 862 4795 qui
875 4722 899 4777 F
900 4721 1037 4776 errariam
1049 4724 1157 4780 missus
1170 4736 1225 4783 est.
