3567 5409
865 544 971 600 262
1617 541 2028 597 montmarin
2080 539 2435 597 loun-mxu

791 715 1083 764 cereaua
1115 697 1268 762 sara
1301 715 1521 782 puoco
1552 693 1961 776 necessaria;
1997 692 2068 760 di
2100 693 2307 761 modo
2336 695 2472 763 che
2506 693 2751 780 puotra
2777 693 3127 762 effetuarsi
3151 705 3183 744 ⁸
3210 693 3255 760 il

795 814 982 880 buon
1011 809 1353 880 desiderio
1385 811 1497 880 del
1529 812 1729 878 Rm0.
1765 810 1855 879 de
1887 811 2326 879 Claramonte
2365 809 2455 879 de
2494 810 2619 877 dar
2649 809 2984 898 principio
3012 811 3080 877 al
3111 811 3254 877 col·

795 927 978 1013 legio
1008 925 1078 993 di
1113 925 1350 1013 Parigi
1380 946 1510 992 con
1544 946 1702 993 casa
1738 926 1950 995 ferma
1978 935 2049 993 et
2078 925 2387 1007 intratta,
2426 925 2470 992 il
2500 926 2635 993 che
2666 925 2957 995 sarebbe
2988 926 3256 1013 grande

795 1041 1075 1111 seruitio
1103 1041 1175 1108 di
1207 1040 1342 1109 Dio
1374 1052 1445 1109 et
1477 1061 1604 1128 per
1636 1042 1850 1109 molto
1883 1043 2057 1110 bene
2088 1040 2476 1129 spirituale,
2512 1062 2634 1128 per
2672 1062 2863 1111 esser
2892 1042 2941 1107 l'
2978 1040 3257 1108 uniuer-

795 1158 923 1226 Sita
953 1159 1024 1225 di
1058 1157 1291 1245 Parigi
1327 1168 1522 1225 tanto
1552 1157 1802 1226 idonea
1824 1181 1866 1226 a
1898 1160 2000 1225 far
2030 1156 2400 1227 seminario
2442 1158 2533 1225 de
2560 1156 2778 1225 buoni
2810 1155 3104 1244 operarii
3137 1179 3259 1243 per

795 1284 974 1342 tutto
1011 1273 1057 1340 il
1092 1295 1312 1361 regno
1343 1274 1432 1342 de
1462 1274 1751 1342 Franza.
1824 1272 1828 1277 ’

925 1389 1002 1460 Si
1033 1389 1074 1457 ἑ
1106 1390 1298 1456 datto
1330 1389 1527 1457 auiso
1567 1390 1632 1458 al
1663 1388 1776 1460 Sr.
1810 1388 2089 1458 Giouan
2132 1391 2221 1458 de
2262 1389 2487 1478 Viega
2525 1391 2610 1458 de
2644 1391 2710 1458 la
2750 1411 2959 1458 causa
3004 1391 3258 1477 perche

795 1527 934 1574 non
969 1505 1028 1573 si
1061 1505 1098 1574 ὲ
1134 1507 1304 1573 fatta
1337 1506 1561 1592 quella
1593 1504 2010 1573 restitution.
2071 1522 2078 1528 ’
2111 1562 2116 1565 .

929 1622 1217 1708 Quanto
1246 1622 1378 1689 alla
1409 1621 1875 1709 promottione
1904 1622 1993 1690 de
2024 1623 2231 1690 Mtr0.
2256 1623 2523 1710 Jacobo
2552 1622 2841 1690 Motello
2879 1622 2997 1690 alli
3032 1621 3256 1689 ordini

791 1737 996 1820 sacri,
1035 1759 1172 1805 non
1205 1740 1268 1804 c’
1305 1738 1346 1806 ὲ
1386 1737 1694 1805 dificulta
1732 1738 2013 1818 alcuna,
2062 1737 2314 1823 perche
2356 1737 2452 1805 lui
2498 1738 2533 1805 ὲ
2568 1759 2609 1804 3
2650 1735 3045 1808 obedientia
3076 1739 3258 1806 della

791 1853 1257 1940 Compagnia,
1295 1863 1366 1923 et
1398 1872 1528 1921 con
1565 1864 1769 1936 uot0,
1812 1863 1881 1923 et
1913 1874 2050 1920 non
2083 1875 2158 1921 se
2197 1853 2459 1922 ricerca
2498 1854 2564 1920 la
2605 1853 3031 1940 professione
3074 1855 3257 1923 nella

791 1967 1228 2057 Compagnia
1253 1979 1490 2036 nostra
1520 1990 1643 2056 per
1670 1970 1769 2036 far
1792 1989 2205 2057 promouere
2235 1969 2300 2036 al
2331 1969 2715 2042 sacerdotio
2737 1968 2785 2036 li
2810 1969 3143 2057 relligiosi
3187 1969 3255 2036 di

795 2086 1052 2171 quella,
1076 2083 1551 2152 conciosiache
1589 2087 1654 2151 la
1688 2083 1949 2153 desima
1985 2097 2177 2171 parte
2209 2085 2369 2153 delli
2405 2085 2729 2172 relligiosi
2762 2106 2901 2152 non
2936 2107 3064 2154 son
3102 2109 3256 2173 pro-

795 2200 982 2281 fessi,
1011 2211 1083 2269 et
1106 2221 1304 2267 como
1334 2201 1392 2267 si
1427 2201 1602 2269 uede
1626 2201 1739 2269 nel
1762 2199 1973 2270 breve
2004 2199 2035 2241 ¹¹
2058 2201 2217 2268 delli
2240 2201 2648 2282 coadiutori,
2679 2203 2872 2270 basta
2895 2205 3028 2269 che
3061 2202 3256 2269 siano

791 2315 1174 2401 coadiutori
1199 2338 1321 2403 per
1342 2315 1768 2404 promouersi
1793 2318 1860 2383 al
1882 2317 2290 2385 sacerdotio.
2320 2316 2543 2385 Etiam
2568 2317 2626 2385 si
2662 2318 3051 2386 uedenella
3076 2319 3256 2385 bolla

795 2431 1298 2501 confirmatoria
1328 2433 1417 2501 de
1439 2432 1626 2521 Julio
1661 2453 1699 2517 3
1741 2435 1816 2512 ⁸⁸,
1854 2413 1984 2500 elie
2017 2434 2082 2500 la
2112 2433 2546 2520 Compagnia
2576 2456 2664 2501 ne
2695 2432 2880 2503 tiene
2911 2444 3017 2503 tre
3052 2433 3251 2521 parti;

791 2549 936 2616 cio&
961 2599 977 2630 ,
1014 2548 1340 2636 professi,
1376 2548 1797 2630 coadiutori,
1836 2549 2115 2630 scolari3
2150 2560 2221 2616 et
2263 2571 2401 2616 non
2433 2550 2813 2620 solamente
2853 2550 2900 2616 li
2930 2550 3250 2637 professi,

791 2687 901 2732 ma
931 2664 1135 2734 etiam
1171 2663 1220 2731 li
1251 2649 1639 2732 coadiutori
1664 2676 1734 2732 et
1764 2664 1813 2732 li
1847 2665 2096 2732 scolari
2136 2665 2196 2732 si
2235 2665 2449 2733 fanno
2491 2687 2897 2753 promouere
2927 2667 2992 2734 al
3028 2688 3253 2734 sacer·

791 2779 979 2847 dotio
1010 2801 1208 2847 come
1240 2778 1566 2867 relligiosi
1599 2778 1667 2845 in
1705 2778 1866 2847 tutti
1899 2779 1946 2846 li
1978 2780 2220 2868 luoghi
2252 2784 2383 2849 che
2407 2781 2773 2849 habbiarno
2804 2781 2874 2848 in
2901 2781 3123 2865 Italia,
3152 2782 3253 2851 Si·

791 2895 944 2963 cilia
974 2906 1045 2964 et
1078 2898 1250 2964 altre
1272 2897 1520 2965 bande.
1562 2895 1783 2963 Etiam
1829 2897 1928 2963 fra
1960 2897 2025 2964 le
2057 2896 2280 2983 gratie
2322 2908 2556 2966 nostre
2589 2896 2860 2966 trouera
2893 2899 2980 2966 V.
3022 2900 3110 2965 R.
3149 2921 3255 2966 es-

789 3033 899 3078 ser
930 3023 1173 3097 questa
1204 3012 1292 3079 de
1324 3022 1520 3098 poter
1549 3022 1910 3098 presentat
1938 3011 1986 3077 li
2018 3011 2274 3079 sudditi
2307 3034 2426 3099 per
2456 3013 2507 3079 li
2535 3011 2758 3080 ordini
2789 3013 2990 3096 sacri,
3027 3025 3104 3083 et
3127 3017 3255 3082 che

787 3126 845 3194 εἰ
878 3149 1182 3214 possono
1215 3148 1622 3215 promouere
1661 3150 1702 3194 a
1740 3128 1996 3214 quouis
2037 3129 2377 3209 antistite,
2425 3140 2592 3212 etc.;
2630 3141 2701 3200 et
2744 3151 2881 3198 non
2916 3131 3005 3196 ha
3049 3142 3253 3198 usato

791 3246 902 3310 fin’
937 3244 1182 3311 adesso
1213 3244 1387 3310 altro
1419 3244 1659 3325 inodo,
1695 3264 1772 3311 se
1803 3266 1943 3310 non
1974 3244 2022 3311 il
2061 3243 2418 3331 significar
2458 3246 2522 3312 la
2568 3246 2855 3313 uolunta
2895 3246 3007 3315 del
3040 3267 3248 3334 supe-

787 3358 987 3440 riore,
1024 3360 1241 3428 uerbo
1275 3359 1386 3426 uel
1417 3359 1697 3445 scripto:
1733 3370 1804 3426 et
1837 3371 2081 3445 questo
2113 3361 2251 3446 puo
2282 3361 2621 3428 certificat
2653 3363 2743 3430 V.
2781 3363 2865 3429 R.
2901 3362 2967 3428 al
3000 3383 3246 3430 vesco·

793 3495 880 3541 uo
911 3476 1041 3543 che
1071 3477 1139 3541 lo
1170 3477 1349 3542 deue
1382 3494 1813 3561 promouere.

917 3590 1076 3657 Non
1106 3610 1385 3658 occorre
1416 3591 1627 3671 altro,
1664 3612 1739 3659 se
1772 3613 1911 3657 non
1954 3592 2084 3659 che
2126 3593 2375 3659 mando
2407 3593 2539 3661 alla
2582 3595 2665 3660 R.
2704 3594 2794 3661 V.
2831 3593 3086 3663 alcune
3124 3596 3249 3663 let-

791 3722 932 3774 tere
964 3704 1202 3775 lattine
1232 3707 1318 3772 de
1350 3728 1583 3774 nuoue
1613 3707 1795 3773 della
1828 3707 2264 3801 Compagnia
2290 3719 2546 3774 nostra.

919 3822 1074 3888 Alle
1103 3842 1229 3889 sue
1257 3820 1551 3888 orationi
1584 3822 1742 3889 tutti
1776 3825 1990 3890 molto
2023 3822 2086 3889 ei
2117 3823 2728 3893 raccomandiamo.

922 3939 1029 4006 De
1062 3940 1280 4005 Roma
1315 3957 1401 4021 30
1429 3937 1498 4003 di
1524 3937 1794 4006 Genaio
1836 3954 2031 4022 1554.

922 4055 1312 4139 Inscriptio.
1353 4056 1415 4120 A
1450 4049 1707 4139 Parigi.
1748 4055 1839 4121 Al
1876 4057 1954 4121 P.
1998 4055 2390 4123 Paschasio.

885 4302 913 4339 z
985 4286 1282 4342 affetuarsi
1322 4304 1432 4344 ms,
1512 4289 1610 4330 —h
1642 4288 1822 4359 prebe
1849 4306 1962 4345 ms.

860 4500 901 4533 ¹⁴
985 4501 1262 4571 Exposcit
1288 4503 1575 4560 debitum.
1604 4504 1773 4572 Quae
1802 4503 1961 4557 bulla
1986 4501 2122 4558 data
2150 4515 2243 4559 est
2275 4516 2337 4558 12
2363 4503 2491 4559 Cal.
2524 4504 2780 4575 Augusti
2805 4521 2961 4559 anno
2992 4518 3013 4559 ι
3024 4519 3152 4575 550.
