3567 5409
356 484 411 553 690
729 482 944 538 Moauuaum
964 485 1150 540 leuterius

318 649 398 703 nata
419 636 443 701 il
465 636 596 703 fratello
618 646 737 701 nostro
758 636 897 703 Giouan
920 639 947 702 F
950 636 1053 723 ilippo
1074 638 1099 717 ²,
1123 636 1157 700 in
1175 645 1297 720 questa
1313 636 1454 701 toccard
1470 635 1565 699 sola-

317 766 432 819 mente
447 752 504 817 doi
521 751 629 843 ponti:
650 753 728 819 Uno
745 752 763 817 ὲ
780 750 871 817 circa
887 751 1061 819 Giouarmi
1084 755 1240 818 Romano
1260 752 1287 830 ⁸,
1311 749 1335 815 il
1356 750 1458 835 quale
1480 771 1568 835 pare

318 867 435 933 mostri
457 866 626 934 desiderio
646 868 689 932 de
710 879 782 932 star
802 867 837 932 in
860 870 981 933 Roma.
1000 866 1071 952 Qui
1087 868 1118 933 ci
1135 867 1192 933 dia
1207 868 1241 933 la
1258 868 1300 935 R.
1319 866 1362 931 V.
1381 866 1480 931 auiso
1496 868 1567 931 che

318 1004 398 1067 pare
414 1005 434 1048 a
451 984 506 1060 lei,
521 992 556 1048 et
572 982 738 1067 quantoe
759 984 848 1051 nelle
869 983 991 1052 lettere
1012 993 1171 1069 prouetto
1193 984 1290 1050 detto
1309 964 1500 1062 Giuuanni3
1523 1002 1565 1047 se

319 1100 483 1185 potrebbe
506 1098 634 1165 intrare
657 1100 713 1165 nel
738 1119 838 1163 corso
860 1099 929 1165 del'
955 1099 1032 1178 arti,
1061 1120 1082 1163 o
1107 1121 1164 1165 no.
1196 1098 1502 1166 Medesimamente
1529 1096 1565 1163 ci

318 1214 403 1280 auisi
420 1214 452 1279 d'
470 1214 546 1279 altri
563 1216 595 1279 la
613 1216 653 1279 R.
674 1215 732 1293 V.,
751 1238 789 1281 se
804 1215 827 1278 li
845 1236 927 1298 pare
943 1215 1039 1281 siano
1061 1213 1185 1279 maturi
1205 1234 1268 1299 per
1288 1214 1310 1278 il
1333 1212 1447 1278 studio
1469 1212 1566 1278 delle

318 1330 461 1396 scientie
483 1328 662 1415 superiori,
687 1330 847 1395 hauendo
868 1328 971 1395 etiam
992 1329 1015 1395 il
1032 1342 1184 1414 respetto
1199 1329 1428 1396 conueniente
1444 1350 1464 1393 a
1481 1349 1565 1413 pro·

317 1447 444 1513 uedere
468 1445 491 1508 li
511 1445 617 1510 nuoui
643 1444 780 1529 collegii
803 1448 868 1512 che
889 1446 1055 1531 uogliono
1078 1447 1161 1522 fare3
1186 1445 1311 1529 perche
1330 1444 1365 1509 in
1386 1444 1503 1510 alcuni
1525 1443 1562 1509 di

317 1562 390 1627 loro
407 1562 563 1647 petriano
580 1584 694 1630 essere
711 1562 826 1628 lettori
842 1560 864 1625 li
883 1560 1005 1627 scolari
1021 1563 1111 1627 delle
1126 1562 1235 1647 prima
1255 1562 1378 1634 classe.
1403 1571 1502 1627 tanto
1525 1562 1564 1625 in

321 1678 482 1757 Messina,
501 1689 630 1763 quanto
648 1677 681 1743 in
700 1679 868 1757 Palerm0,
888 1679 914 1742 s'
933 1680 1049 1743 hanno
1065 1676 1190 1743 sentito
1206 1679 1320 1761 quello
1333 1680 1397 1743 che
1409 1679 1528 1741 hanno
1542 1699 1565 1742 a

318 1792 458 1861 sentire.

387 1909 426 1974 L'
446 1910 531 1973 altra
547 1929 627 1975 cosa
644 1911 675 1989 e,
698 1910 764 1975 che
787 1908 810 1974 il
832 1910 965 1974 fratello
986 1910 1180 1977 Francesco
1201 1911 1312 1974 Porcu
1333 1910 1378 1973 ha
1398 1908 1519 1974 scritto
1543 1930 1566 1972 a

320 2024 364 2089 N.
393 2027 434 2093 P.
458 2026 522 2091 che
542 2024 647 2090 lascia
668 2024 704 2089 in
725 2046 826 2090 mano
848 2026 891 2091 de
916 2027 959 2091 V.
986 2027 1027 2091 R.
1053 2026 1121 2106 460
1149 2022 1225 2095 Vffi
1248 2023 1387 2103 incirca,
1413 2023 1510 2089 acciri
1532 2023 1566 2089 si

319 2138 461 2224 dispona
477 2138 512 2203 di
529 2140 645 2223 quelli,
665 2140 880 2207 secondoche
898 2140 1056 2206 ordinari
1075 2142 1117 2206 N.
1139 2141 1195 2217 P..
1214 2139 1249 2204 in
1268 2161 1372 2224 opere
1390 2138 1457 2225 pie.
1483 2140 1566 2204 Ha-

320 2256 434 2320 uendo
457 2277 476 2320 a
501 2254 580 2321 farsi
602 2268 734 2339 queste,
753 2257 896 2322 sarebbe
917 2256 1145 2323 conueniente
1165 2255 1270 2323 cheli
1286 2254 1406 2320 danari
1425 2255 1566 2321 iussero

318 2370 376 2455 piu
395 2369 497 2435 uicini
519 2383 545 2451 ³²3
569 2372 591 2435 il
613 2373 678 2439 che
698 2370 800 2437 etiam
823 2373 967 2439 sarebbe
992 2371 1049 2458 piu
1071 2373 1186 2437 sicuro
1211 2392 1270 2455 per
1294 2372 1327 2435 la
1350 2370 1501 2437 stabilita
1526 2370 1564 2435 di

318 2488 412 2551 detto
429 2488 456 2551 F
458 2508 632 2556 rancesc0.
652 2489 696 2555 V.
716 2490 757 2555 R.
776 2489 864 2555 veda
881 2508 918 2553 se
935 2492 1073 2555 trouara
1089 2489 1193 2553 modo
1209 2486 1245 2552 di
1256 2487 1289 2553 lt
1303 2488 1347 2555 de
1360 2486 1527 2553 mandarli
1540 2508 1564 2551 a

319 2604 426 2667 Roma
445 2623 565 2686 perun
582 2604 729 2681 bancho,
747 2624 851 2668 senza
868 2604 1021 2687 perdere,
1040 2606 1157 2689 pereh'
1181 2604 1302 2676 adesse
1324 2603 1399 2668 sarri
1422 2600 1446 2667 il
1466 2614 1561 2667 tem-

319 2740 374 2803 pu,
396 2719 449 2783 nel
467 2720 567 2802 quale
583 2719 709 2805 meglio
725 2722 779 2784 ch’
799 2718 832 2784 in
848 2721 934 2785 altro
950 2741 987 2785 se
1005 2720 1102 2803 putri
1120 2720 1170 2785 far
1187 2730 1321 2803 questo,
1338 2742 1397 2803 per
1409 2719 1443 2786 le
1454 2732 1563 2799 serre,

318 2836 408 2899 com’
423 2834 574 2901 intendo.
593 2838 662 2900 Pur
676 2834 716 2900 V.
734 2838 774 2901 R.
795 2857 862 2900 non
881 2836 993 2901 mandi
1012 2835 1069 2921 piu
1086 2837 1175 2903 della
1192 2858 1285 2902 meza
1303 2847 1413 2920 parte,
1432 2836 1563 2919 perche

318 2950 409 3015 forsa
431 2972 488 3034 per
511 2948 532 3013 l’
554 2950 638 3015 altra
659 2972 754 3017 meza
777 2952 805 3015 si
822 2951 960 3017 trouarei
977 2952 1079 3018 modo
1096 2951 1129 3016 di
1147 2972 1215 3035 qua
1231 2952 1275 3018 de
1291 2972 1438 3036 persona
1454 2952 1522 3017 che
1539 2951 1565 3015 li

317 3066 374 3129 dia
390 3066 423 3130 in
442 3068 548 3131 Roma
565 3088 625 3150 per
642 3066 748 3132 auerli
765 3066 800 3131 in
818 3067 969 3133 Messina
985 3069 1011 3133 ⁴.

386 3182 463 3247 Non
480 3184 578 3261 altre,
597 3204 634 3248 se
648 3204 718 3265 ¹nori
736 3184 803 3248 che
820 3183 942 3248 stiamo
956 3183 1055 3267 quasi
1069 3183 1148 3247 tutti
1162 3182 1235 3249 sani
1250 3206 1309 3268 per
1322 3184 1354 3247 la
1368 3182 1464 3247 lddio
1477 3204 1565 3268 gra-

317 3297 363 3362 tia
380 3299 435 3364 nel
453 3318 595 3365 numero
611 3298 723 3375 solitu,
742 3310 776 3363 et
795 3298 851 3383 piu
870 3310 984 3383 presto
1001 3321 1067 3364 con
1086 3301 1235 3382 qualche
1252 3311 1453 3384 augmento.

385 3415 480 3479 Nelle
497 3412 644 3478 orationi
660 3414 703 3477 de
722 3415 763 3478 V.
786 3416 826 3480 R.
846 3414 926 3479 tutti
941 3416 1046 3478 multu
1063 3415 1093 3479 ci
1112 3413 1401 3480 racomandiamo.

384 3530 436 3593 De
456 3530 562 3593 Roma
584 3546 621 3594 12
640 3530 683 3593 de
701 3530 845 3614 Maggiu
867 3545 963 3612 1554.

384 3645 573 3727 Inscriptio
614 3646 644 3709 Α
665 3646 825 3710 Messina.
848 3647 979 3710 Rettor.

372 3882 384 3907 ἢ
424 3865 510 3933 Quae
524 3872 702 3936 sequuntur,
721 3868 754 3923 P.
773 3866 901 3921 Polairci
916 3884 1010 3920 manu
1024 3871 1095 3920 sunt
1108 3873 1248 3921 exarata.

320 4008 512 4018 ————-

369 4083 379 4116 ¹
417 4084 548 4151 Joannes
563 4082 715 4152 Philippus
730 4082 827 4149 Vltus,
838 4081 886 4135 cui
900 4098 970 4135 cura
984 4080 1154 4153 quotidiana
1168 4080 1318 4136 scribendi
1331 4081 1488 4136 commissa
1497 4081 1567 4138 fue·

317 4182 371 4227 rat.
387 4172 462 4225 Vide
477 4172 632 4241 epistolam
648 4169 730 4239 4395.
961 4232 964 4236 ¹

369 4262 380 4293 ⁵
417 4260 546 4330 Juannes
560 4260 721 4328 Romanus,
737 4259 943 4328 scholasticus,
957 4256 1033 4312 alius
1046 4276 1063 4312 a
1078 4260 1191 4329 Joanne
1204 4260 1270 4312 Bta.
1290 4259 1434 4329 Romano,
1452 4277 1491 4323 ex
1509 4262 1566 4315 he·

317 4334 470 4404 braeerum
490 4349 608 4403 natione
627 4348 663 4402 ad
679 4348 829 4404 Christum
848 4364 1003 4417 converso,
1020 4348 1072 4420 qui
1090 4350 1221 4417 Joannes
1240 4350 1305 4405 Bta.
1326 4347 1447 4403 Elianus
1461 4350 1563 4403 vocari

317 4440 402 4495 solet.
418 4440 472 4493 llle
485 4438 515 4492 in
530 4437 631 4491 Sicilia
645 4446 789 4504 retentus,
806 4446 904 4491 mente
918 4447 1022 4507 captus
1036 4438 1181 4508 apparuit.

369 4532 380 4561 ⁴
419 4528 566 4581 Francisci
582 4526 677 4581 Porcii
692 4526 805 4581 litteras
819 4527 854 4579 ad
870 4526 1028 4596 ignatium,
1043 4526 1150 4596 quibus
1165 4534 1300 4579 votorum
1315 4542 1435 4580 suorum
1450 4526 1564 4583 formu·

315 4620 372 4672 lam
388 4618 525 4671 mittebat
538 4633 649 4687 suaque
663 4616 760 4671 omnia
776 4615 918 4669 Societati
936 4613 1075 4682 donabat,
1094 4614 1164 4667 olim
1185 4613 1341 4670 edidimus.
1362 4616 1460 4686 Epist.
1480 4617 1563 4671 Mix-

316 4712 375 4779 tae.‚
393 4708 442 4777 lV,
461 4706 520 4772 158.
