3567 5409
444 462 499 531 614
821 466 1028 523 Mortuusnrn
1052 468 1230 523 Intremui

411 628 447 683 to
468 638 564 699 sano,
589 619 793 687 laudandosi
813 620 921 688 molto
941 621 1031 689 della
1051 620 1182 688 chariti
1204 620 1326 687 usatali
1349 622 1406 689 nel
1426 622 1560 710 collegio
1585 624 1615 690 di

413 733 582 817 Palermo,
600 752 683 815 etc,
698 735 745 801 dil
759 738 825 803 che
842 737 886 803 N.
903 739 943 803 P.
962 757 1007 803 ne
1023 738 1069 803 ha
1085 736 1374 822 hanutopiacere‚
1389 739 1561 824 percheto
1575 740 1613 805 ri-

411 863 538 920 ceuuto
561 851 721 936 quindeci
751 868 781 921 V
809 850 842 918 d'
862 874 924 920 oro
944 852 1003 938 qui
1023 853 1079 919 dal
1099 874 1163 919 suo
1184 853 1300 940 padre,
1325 856 1464 938 quando
1481 855 1579 923 serissi
1599 878 1616 922 a

413 970 457 1037 V.
481 970 538 1049 R..
562 970 706 1055 perdar
730 970 762 1035 al
785 969 916 1055 figliolo
939 992 960 1035 o
976 970 1163 1056 espendere
1187 970 1276 1038 nelle
1299 991 1379 1038 cose
1407 972 1583 1038 necessarie
1593 974 1615 1037 ⁸.

413 1084 536 1153 Uorria
556 1107 655 1171 saper
679 1099 808 1171 quanto
828 1088 873 1152 ha
893 1108 994 1171 speso
1014 1086 1047 1152 la
1075 1087 1115 1151 R.
1140 1087 1183 1153 V.
1209 1087 1298 1153 ultra
1324 1086 1348 1151 li
1372 1086 1461 1153 dieci
1482 1087 1565 1153 scudi
1589 1089 1619 1152 in

412 1203 554 1268 mandat
566 1203 646 1287 quel
663 1203 766 1267 homo
782 1200 1028 1268 aCastelbono
1042 1214 1077 1267 et
1093 1202 1177 1268 altre
1193 1222 1273 1269 cose
1290 1204 1380 1289 (fuor
1395 1202 1452 1269 del
1470 1202 1542 1283 uilo,
1562 1205 1618 1271 che

413 1340 482 1385 non
499 1318 526 1385 si
545 1320 647 1385 uuole
662 1320 827 1405 contere),
845 1321 974 1405 perche
992 1319 1014 1383 il
1032 1330 1123 1386 resto
1139 1320 1244 1387 renda
1259 1319 1293 1385 io
1309 1319 1339 1385 al
1356 1339 1423 1385 suo
1440 1322 1546 1404 padre.

478 1436 546 1504 Girl
562 1436 668 1503 auisai
684 1436 764 1503 delli
779 1448 881 1503 cento
898 1433 996 1501 scudi
1015 1434 1159 1503 riceuuti
1176 1432 1231 1501 del
1247 1436 1310 1503 Dr.
1329 1436 1468 1514 Torres,
1483 1437 1620 1521 pagando

412 1574 480 1636 qua
496 1553 520 1617 l’
538 1552 689 1619 interesi.

478 1668 679 1754 Aspetiamo
700 1667 877 1735 intendere
899 1647 936 1735 se
957 1668 1007 1735 sia
1025 1670 1212 1753 proceduto
1228 1666 1342 1733 inanzi
1364 1669 1455 1735 nella
1474 1667 1620 1736 anexione

413 1785 447 1850 di
463 1784 567 1870 quelli
586 1801 651 1867 500
666 1783 762 1851 scudi
778 1784 822 1850 de
839 1785 1009 1864 Palermo,
1028 1797 1062 1852 et
1078 1784 1180 1852 etiam
1201 1804 1239 1849 se
1260 1784 1289 1849 si
1306 1784 1338 1849 fa
1358 1784 1447 1849 altro
1470 1805 1560 1869 sopra
1575 1780 1620 1873 la}

412 1901 512 1968 badia
536 1903 603 1967 che
627 1898 670 1966 S.
700 1904 750 1967 M.
777 1922 942 1968 concesse
965 1920 1025 1985 per
1050 1899 1215 1977 Messina‚
1242 1901 1274 1965 la
1303 1898 1410 1985 prima
1435 1902 1498 1966 che
1521 1920 1621 1965 uacas-

414 2018 457 2097 si,
475 2029 542 2083 etc.

479 2133 546 2200 Giit
565 2156 625 2218 per
638 2134 724 2200 altre
740 2132 768 2198 si
788 2133 806 2198 ὲ
822 2132 943 2197 scritto
954 2132 1055 2198 etiam
1074 2134 1153 2211 che,
1168 2133 1261 2201 doue
1277 2132 1306 2198 si
1321 2132 1440 2218 uoglia
1456 2134 1511 2197 ch'
1524 2134 1623 2197 endas

413 2250 443 2315 si
460 2250 482 2314 il
498 2248 640 2336 signore
653 2248 793 2316 Giouan
809 2250 854 2318 de
867 2250 978 2335 Vega¹
998 2250 1043 2316 V.
1060 2250 1101 2317 R.
1120 2248 1272 2315 offeres'si
1289 2248 1325 2315 sc
1342 2260 1454 2316 stesso
1470 2271 1490 2315 e
1505 2247 1575 2313 tutti
1586 2246 1624 2331 gli

417 2365 493 2432 altri
509 2366 575 2431 che
592 2365 625 2431 di
641 2366 674 2433 li
690 2376 814 2431 stanno
826 2368 851 2431 ⁹.

481 2481 582 2547 Circa
605 2482 779 2549 Monreale
800 2480 888 2550 seria
910 2483 1026 2547 buono
1047 2502 1192 2566 pensare
1217 2482 1282 2546 alla
1303 2480 1507 2567 perpetuitri,
1523 2500 1626 2547 senon

415 2621 436 2665 a
452 2598 476 2663 l'
493 2610 656 2667 aumento
672 2598 706 2663 di
723 2598 827 2683 quell'
846 2598 982 2663 intrata.

482 2716 534 2781 De
552 2716 654 2781 Mtro.
672 2715 828 2780 Gerardo
845 2717 881 2793 ¹⁰,
900 2734 938 2781 se
955 2736 1024 2780 non
1043 2714 1060 2779 ὲ
1077 2714 1109 2779 al
1127 2714 1302 2799 proposito
1317 2734 1378 2801 per
1395 2714 1426 2780 la
1443 2714 1547 2800 prima
1559 2714 1626 2779 clas·

415 2850 452 2894 se
467 2829 503 2894 in
521 2831 689 2908 Palerm0,
709 2851 790 2915 pare
807 2828 916 2915 putria
934 2832 1035 2896 Mtro.
1059 2829 1209 2915 Angielo
1228 2830 1382 2897 Pulizino
1404 2830 1581 2897 succedere
1599 2828 1626 2893 in

415 2966 479 3011 suo
499 2941 587 3025 loeo,'
612 2946 769 3013 massime
789 2943 811 3010 l'
833 2947 982 3013 Ottobre
1004 2949 1069 3013 che
1090 2945 1237 3032 segulla,
1262 2946 1478 3013 ascendendo
1495 2944 1508 2983 b
1524 2944 1545 3010 li
1567 2944 1627 3009 suoi

417 3059 579 3147 discepoli
600 3062 671 3154 alla¹
686 3061 793 3146 prima
817 3064 927 3129 classe
947 3074 971 3129 ⁰:
994 3074 1030 3129 et
1051 3084 1088 3129 se
1108 3062 1138 3127 ci
1161 3062 1361 3127 rimandano
1385 3082 1452 3146 qua
1474 3060 1625 3135 Gerardo,

418 3182 496 3246 serssa
511 3179 615 3243 molto
633 3178 817 3245 uoluntieri
838 3190 1020 3245 accettato.

486 3292 587 3359 Circa
600 3294 631 3357 la
644 3293 871 3378 promottione
883 3296 938 3363 del
953 3294 1086 3361 fratello
1095 3294 1244 3381 Angieln
1258 3294 1488 3360 Prosdocemo
1500 3304 1533 3361 et
1545 3290 1632 3359 etiam

421 3409 463 3475 de
479 3407 620 3475 X.⁰i0ro
641 3410 778 3495 Laynez
794 3423 828 3476 et
851 3414 952 3478 Mtro.
973 3410 1135 3477 Annibali
1160 3414 1197 3492 ¹¹,
1212 3410 1407 3496 bisogneria
1418 3410 1532 3475 auisar
1545 3409 1635 3491 prima

422 3524 564 3592 comesi
582 3538 727 3592 trouano
744 3527 818 3593 loro
835 3527 989 3594 inclinati
1006 3552 1024 3592 a
1041 3527 1095 3593 cio
1111 3526 1137 3593 d:
1156 3528 1179 3593 il
1197 3525 1382 3595 medesimo
1398 3526 1477 3592 dico
1489 3526 1531 3593 de
1549 3528 1633 3592 Mtro.

424 3641 573 3727 Angielo
593 3642 762 3725 Pulizin0;
777 3657 812 3708 et
829 3646 939 3711 anche
956 3644 1035 3710 dell’
1049 3647 1105 3711 ete
1121 3645 1205 3710 loro.

491 3757 591 3824 Circa
602 3758 740 3824 Giouan
753 3758 889 3843 Ignatio
907 3769 940 3826 et
957 3760 1054 3827 Luca
1066 3760 1177 3826 Corso
1191 3760 1233 3825 V.
1254 3761 1296 3827 R.
1314 3760 1460 3846 proceda
1473 3778 1571 3825 come
1582 3779 1636 3823 rne-

432 3896 623 3907 ————

478 3975 492 4014 b
529 3970 718 4027 accendendo
731 3990 787 4026 ms.
827 3987 875 4015 ..c
894 3974 988 4028 classa
1003 3990 1059 4027 ms.
1097 3975 1148 4015 -d
1167 3970 1248 4028 accio
1262 3990 1316 4027 ms.
1392 3962 1395 3967 ’

425 4174 537 4230 letter.
558 4172 656 4227 Series
669 4180 784 4243 quarta,
799 4172 822 4241 1,
836 4184 889 4240 574
903 4180 934 4226 et
951 4184 1014 4240 575.
1033 4171 1133 4226 Hicin
1147 4170 1277 4225 Siciliam
1291 4170 1399 4227 missus
1413 4170 1507 4227 luerat
1521 4181 1554 4227 ut
1573 4169 1640 4227 bonit

427 4264 558 4316 moribus
572 4262 786 4327 institueretur,
802 4262 902 4333 procul
916 4270 1035 4315 amatre
1054 4262 1192 4331 hebraea,
1206 4278 1281 4333 quae
1294 4260 1483 4315 christianam
1496 4258 1586 4315 fidem
1597 4276 1639 4314 rm·

428 4352 516 4424 plecti
533 4358 693 4407 recusarat.
1336 4338 1351 4357 “

481 4442 493 4474 ⁸
531 4440 606 4494 Vide
619 4456 718 4510 supra,
733 4438 845 4507 111,84.

481 4531 493 4564 ⁹
531 4530 661 4600 Epistola
675 4526 756 4596 4335.

473 4620 497 4652 ¹⁰
534 4616 872 4687 GerartlusLapidanuS.

477 4706 496 4741 ¹⁸
536 4707 664 4761 Annibal
678 4706 854 4762 Coudretus.
