3567 5409
583 481 687 538 Erur.
707 491 841 552 4114.-1
862 481 1039 538 Fuscusnn
1061 493 1129 551 ¹554
1385 483 1437 551 ²⁶7

234 633 305 700 aue
319 607 482 702 eose'che
499 632 556 720 pn
572 633 778 720 importano,
797 633 1005 720 seguitando
1019 635 1043 700 1
1066 633 1187 703 ordine
1207 633 1288 704 dein
1308 633 1406 701 uum
1427 635 1473 704 ue

235 749 344 818 lltro.
360 749 546 830 Annibale,
564 750 597 816 al
613 750 694 836 qual
709 750 876 820 mandato
892 771 963 820 una
978 749 1077 838 copia
1092 749 1128 818 di
1145 762 1280 837 questa.
1349 760 1353 768 ’

305 864 601 948 Primieramente‚
630 889 669 935 se
695 866 724 934 si
744 869 815 954 pud
835 867 981 956 leggere
1000 863 1109 935 Viues
1136 878 1172 936 et
1198 865 1375 947 Terentio,
1399 878 1468 936 etc.

235 979 328 1050 Dico
351 985 416 1050 che
438 982 474 1051 in
495 983 604 1050 Roma
625 983 669 1051 N.
691 985 731 1050 P.
756 1004 825 1051 non
847 983 926 1052 uole
945 981 974 1051 si
995 983 1160 1070 leggono,
1177 993 1214 1050 et
1229 1004 1291 1070 per
1308 983 1471 1069 temposi

234 1097 413 1184 prohibiti
428 1097 530 1168 etiam
546 1097 603 1165 alli
618 1097 696 1166 altri
711 1099 862 1186 collegii,
879 1098 1103 1187 prouedeudo
1117 1098 1153 1165 d'
1168 1097 1246 1166 altri
1257 1097 1336 1188 libri
1347 1095 1422 1167 vtili
1435 1110 1470 1166 et

233 1213 281 1284 de
297 1206 428 1282 auctori
444 1235 549 1282 sanza
563 1225 733 1302 suspetto.
748 1215 819 1282 Pur
835 1213 870 1282 in
886 1226 1010 1302 questo
1025 1235 1143 1282 mezzo
1158 1215 1223 1283 che
1238 1212 1267 1282 si
1280 1215 1314 1282 fa
1327 1215 1373 1282 tal
1386 1235 1469 1300 pro-

235 1329 385 1412 misione,
404 1341 572 1418 potranno
587 1331 739 1418 leggersi
755 1333 786 1399 al
803 1330 906 1400 solito
921 1333 947 1401 ¹.

264 1538 270 1548 ι
305 1443 407 1514 Circa
423 1448 586 1514 mandare
601 1445 625 1546 il
641 1447 754 1532 dere
769 1447 837 1516 don
862 1429 972 1516 Paulo
987 1449 1001 1481 ⁴
1017 1467 1083 1515 con
1098 1444 1211 1515 alcuni
1227 1446 1305 1514 altri
1321 1468 1341 1513 a
1362 1445 1469 1515 Malta

232 1561 350 1629 insino
367 1583 388 1629 a
403 1583 547 1650 pasqua,
565 1585 605 1632 so
620 1565 684 1634 che
700 1588 721 1633 a
737 1565 781 1632 N.
801 1566 841 1630 P.
856 1568 979 1652 pareri
994 1565 1084 1631 bene
1098 1585 1137 1632 se
1153 1564 1197 1632 V.
1218 1565 1259 1631 R.
1277 1563 1370 1645 lola3
1384 1562 1467 1630 etin

231 1679 283 1748 tal
299 1699 380 1746 caso
394 1676 472 1746 seli
488 1679 617 1748 douerd
633 1679 716 1749 dare
732 1678 959 1748 instructione
974 1680 1019 1749 de
1039 1680 1154 1765 quello
1175 1682 1240 1748 che
1260 1679 1373 1747 debba
1394 1678 1467 1747 lare

230 1793 327 1862 circa
342 1794 368 1861 il
382 1794 546 1881 collegio,
564 1793 638 1862 cioe
661 1795 765 1863 veder
781 1817 818 1866 se
835 1795 857 1862 il
873 1812 1024 1865 vescouo
1041 1797 1054 1832 ⁸
1068 1805 1123 1862 sta
1137 1793 1172 1862 in
1193 1795 1275 1881 quel
1290 1792 1466 1882 proposito

229 1911 279 1978 de
293 1910 355 1977 dar
371 1909 406 1976 di
422 1929 485 1977 sua
501 1919 597 1998 perte
612 1893 686 1994 400'
700 1925 732 1984 v
754 1932 775 1978 ο
792 1927 857 1995 500
872 1911 956 1998 ogni
972 1931 1075 1992 anno,
1089 1921 1125 1980 et
1139 1931 1220 1977 casa
1236 1921 1271 1980 et
1283 1908 1413 1990 chiesa,
1428 1919 1464 1979 et

232 2045 398 2112 procurat
414 2026 446 2094 la
462 2024 689 2112 applicatione
703 2027 738 2092 d’
756 2027 879 2093 alcuna
896 2027 1021 2094 intrata
1042 2027 1150 2094 ferma
1170 2047 1232 2112 per
1254 2025 1278 2092 il
1298 2025 1458 2112 collegio,

229 2161 331 2209 come
346 2140 406 2228 qui
420 2140 512 2208 disse
527 2162 549 2208 a
563 2141 608 2208 N.
630 2143 669 2208 P.
689 2143 732 2209 Et
749 2140 937 2212 uedendosi
960 2142 1075 2209 buona
1090 2139 1323 2228 dispositione,
1348 2139 1377 2208 si
1399 2161 1465 2227 po·

231 2257 288 2324 trd
299 2257 382 2326 dare
394 2254 529 2324 ricorde
540 2258 572 2324 al
585 2277 735 2324 vescouo
747 2257 791 2326 de
802 2256 955 2326 scriuere
967 2278 989 2324 a
1000 2259 1108 2324 Roma
1119 2255 1370 2343 soprailMtro.
1388 2257 1457 2324 Bo·

228 2361 370 2452 badssla,
389 2373 533 2441 iacendo
549 2372 652 2440 etiarn
672 2372 824 2442 scriuere
844 2373 875 2440 al
896 2395 983 2460 gran
999 2381 1148 2440 maestro
1161 2371 1246 2458 ‘per
1261 2370 1286 2437 il
1302 2391 1404 2458 papa,
1423 2381 1459 2440 et

228 2511 293 2575 per
307 2489 433 2555 alcuno
447 2487 528 2557 delli
544 2487 707 2555 cardinali
719 2488 808 2557 della
821 2487 1053 2574 inquisitione,
1067 2497 1103 2554 et
1114 2509 1176 2575 per
1188 2489 1233 2556 N.
1249 2488 1304 2569 P.;
1320 2488 1461 2574 perche,

225 2601 261 2670 si
277 2625 385 2670 vsano
400 2603 515 2672 buona
531 2603 714 2691 diligenza,
733 2603 845 2691 potria
861 2625 976 2674 essere
990 2608 1056 2673 che
1071 2625 1110 2672 se
1125 2603 1149 2671 li
1171 2602 1343 2671 mandassi
1363 2603 1461 2672 detto

229 2721 337 2788 Mtro.
357 2719 535 2787 Bobadilla
549 2717 677 2800 subito,
695 2731 730 2789 et
747 2719 837 2786 forsa
853 2718 969 2787 alcuni
984 2719 1061 2786 altri
1078 2741 1138 2806 per
1159 2719 1222 2787 dar
1241 2717 1411 2806 principio
1427 2718 1463 2784 al

227 2834 382 2922 collegio
400 2837 423 2917 ²,
446 2856 513 2903 con
532 2835 637 2923 quelli
656 2837 721 2903 che
741 2835 776 2901 di
797 2834 914 2904 Sicilia
934 2835 1166 2904 mandarebbe
1189 2835 1233 2901 V.
1258 2837 1315 2916 R.;
1338 2834 1395 2900 cui
1416 2833 1460 2900 ri-

227 2951 366 3020 chieste
380 2973 443 3040 per
454 2964 561 3039 gente
576 2975 614 3021 se
630 2953 735 3022 fanno
752 2975 798 3020 un
816 2974 904 3040 poco
923 2964 1091 3039 suspette,
1114 2952 1274 3019 uedendo
1294 2955 1359 3019 che
1384 2951 1462 3021 uole

228 3069 375 3135 mandat
390 3080 496 3152 gente
512 3068 619 3136 fuora.
640 3069 684 3135 Et
699 3089 764 3136 con
782 3080 874 3135 tutto
887 3081 1011 3153 questo
1027 3069 1070 3136 N.
1092 3070 1133 3136 Ρ.
1151 3066 1186 3136 di
1198 3088 1268 3153 qua
1280 3090 1348 3134 non
1362 3088 1460 3134 man·

228 3185 310 3252 card
326 3183 382 3252 del
397 3205 557 3252 soccorso
572 3185 638 3255 che
654 3187 751 3271 potrti
766 3186 828 3252 dar
843 3186 874 3252 al
891 3205 957 3252 suo
972 3195 1100 3271 tempo.
1246 3180 1249 3184 ’

227 3360 359 3417 nondum
371 3359 529 3433 secerdoti,
542 3363 700 3418 commissu
717 3371 774 3432 est,
792 3363 843 3436 qui
860 3363 915 3418 hoc
933 3379 1010 3418 anno
1030 3374 1099 3433 1554
1112 3361 1195 3435 uipso
1207 3359 1256 3417 die
1270 3360 1463 3417 Ascensionis

228 3449 348 3506 Domini
361 3449 398 3506 nd
411 3449 608 3507 sacerdotium
624 3460 784 3524 promotus,
799 3450 848 3507 die
861 3451 1055 3507 Pentecosten
1068 3449 1193 3523 primum
1207 3449 1383 3506 sucrificium
1397 3450 1464 3506 Deo

226 3540 364 3598 obtulit».
378 3539 564 3611 Pourtctm,
579 3539 769 3613 Chron.,1V,
786 3553 846 3612 197.

282 3628 293 3660 ⁸
328 3627 377 3684 Cf.
391 3627 577 3700 Poenicus,
592 3627 718 3694 chron„
732 3629 785 3698 lv,
799 3643 862 3699 204.
935 3631 940 3640 ’

280 3719 292 3752 ⁴
329 3717 361 3775 P.
377 3718 486 3774 Paulus
496 3717 639 3776 Achilles.
650 3718 789 3775 Pluribus
799 3719 860 3790 agit
872 3719 1017 3775 Polancus
1027 3718 1065 3775 de
1075 3719 1130 3774 huc
1139 3716 1308 3788 excogitata
1318 3716 1460 3772 missione

227 3803 308 3861 etde
321 3805 449 3878 collegio
461 3807 580 3863 Melitae
594 3807 787 3882 instituend03
801 3807 878 3882 quod
891 3807 1011 3882 quidem
1025 3807 1153 3862 maxime
1170 3806 1311 3878 cupiebat
1327 3805 1461 3876 matius

228 3901 261 3951 ut
273 3895 342 3952 iude
355 3913 403 3952 res
416 3895 574 3953 christiana
588 3895 618 3954 in
637 3895 737 3953 Africa
755 3897 917 3969 foveretu13
935 3896 988 3953 sed
1006 3896 1078 3952 nihil
1097 3913 1133 3952 ea
1150 3904 1328 3968 tempestate
1347 3894 1458 3950 lactum

228 3993 285 4058 est,
300 3985 442 4042 «necdum
456 3986 545 4058 enim,
565 3995 598 4042 ut
615 3983 744 4058 videtur,
762 3985 888 4058 collegia
906 3988 956 4042 ills
973 3995 1004 4041 et
1022 3985 1263 4058 expeditiones...
1282 4001 1381 4039 eorem
1400 3984 1459 4038 Do·

228 4074 306 4130 mino
318 4083 547 4132 maturuerunt».
562 4075 745 4148 ΡοιΑΝουε,
760 4075 885 4142 Chrom,
900 4075 952 4148 IV,
965 4088 1029 4146 217.
1043 4075 1119 4131 Vide
1132 4077 1241 4131 locum.

281 4167 292 4202 ⁸
328 4165 501 4223 Dominicus
514 4165 666 4226 Cubelles.
681 4167 757 4224 Vide
771 4167 926 4244 epistolam
939 4181 1020 4237 4074.

281 4257 293 4291 ⁸
328 4255 471 4314 Claudius
483 4255 521 4312 de
534 4257 562 4312 la
575 4255 698 4328 Sangle.
1100 4250 1110 4280 ‘

281 4349 290 4381 ⁷
327 4345 394 4400 Non
408 4348 503 4401 solum
515 4347 656 4418 scriptum
671 4362 729 4402 non
743 4355 789 4400 est
803 4345 839 4402 ad
853 4344 1022 4419 pontificem
1036 4353 1066 4401 et
1079 4343 1115 4400 nd
1128 4345 1202 4400 alios
1220 4344 1300 4399 viros
1313 4353 1346 4399 ut
1364 4343 1459 4404 Bom-

226 4435 296 4490 dillu
308 4442 358 4490 sut
372 4434 505 4490 Achilles
519 4425 694 4506 minitetur,
711 4435 763 4490 sed
776 4447 889 4505 contra,
904 4452 970 4491 cum
985 4435 1152 4507 episcopus,
1165 4435 1195 4490 in
1209 4432 1341 4489 Melitam
1355 4449 1459 4505 perve-

226 4523 321 4597 niens,
335 4541 420 4580 «cum
434 4523 577 4580 militibus
590 4525 742 4596 religionis
761 4524 816 4580 Sti.
837 4525 960 4596 Joannis
976 4524 1077 4580 nescio
1094 4541 1167 4596 quas
1185 4523 1391 4579 contentiones
1409 4523 1459 4576 hn-

227 4615 298 4670 bere
310 4614 470 4686 coepisset,
483 4613 603 4685 scripsit
616 4613 791 4669 Provinciali
806 4623 868 4670 uta
886 4613 1031 4671 mittendo
1047 4614 1098 4670 illo
1115 4613 1202 4669 Patre
1219 4609 1457 4685 supersederet».

227 4703 409 4772 PousucuS,
426 4703 614 4776 Chross.rlv‚
628 4716 691 4772 217.
