3567 5409
532 466 636 521 Errsr.
656 466 848 535 proba-28
867 467 1044 523 Frontiana
1064 479 1134 536 1554
1363 478 1411 523 rar

213 618 288 685 rior
302 621 347 688 de
363 640 423 685 sus
438 618 524 704 ojos.
544 620 707 707 Taapoco
718 620 750 688 el
768 620 809 686 P.
829 620 926 707 Luys
941 620 1117 704 Goaoalez
1133 640 1195 706 por
1215 642 1256 686 su
1278 631 1337 686 tan
1354 630 1452 687 corta

213 734 306 801 vista
322 758 344 819 y
357 755 461 821 paces
476 736 612 819 fueroas
627 757 650 820 y
665 736 766 801 salud
782 735 953 821 corporal.

284 852 508 931 Finalmeate‚
527 850 683 917 mirando
697 852 748 918 las
764 860 879 937 partes
895 872 964 937 que
978 852 1093 919 deuen
1108 852 1256 917 hallarse
1270 872 1316 919 en
1332 852 1366 917 el
1390 874 1454 937 pa·

212 967 352 1048 trima,
370 969 415 1035 de
429 968 518 1035 edad
533 967 705 1048 mediana,
724 970 767 1035 de
783 968 918 1047 tueroas
932 988 956 1052 y
970 968 1099 1053 alguna
1114 968 1264 1036 exterior
1284 967 1451 1035 decencia

212 1105 260 1151 en
277 1086 311 1149 lo
326 1084 493 1169 corporat,
511 1086 673 1169 ymucha
684 1084 856 1165 fidelidad,
872 1085 945 1150 zelo
957 1094 983 1164 ⁸,
997 1082 1187 1168 discrecion
1199 1106 1222 1169 y
1234 1082 1449 1151 sufficiencia

211 1200 259 1267 de
276 1202 380 1266 tetras
396 1222 477 1286 para
492 1200 525 1266 el
541 1222 660 1285 mayor
674 1199 823 1267 seruicio
838 1200 970 1279 diuin0‚
984 1211 1080 1267 estas
1096 1220 1159 1265 nos
1174 1200 1374 1285 pareoieron
1399 1201 1453 1266 los

212 1336 286 1401 que
301 1337 338 1382 se
354 1322 456 1383 auian
472 1318 515 1382 de
529 1328 744 1402 representat
761 1322 781 1383 t
797 1318 834 1384 S.
855 1318 901 1383 Α.

750 1496 844 1578 4016
865 1493 918 1549 '¹¹⁸

472 1630 689 1717 JOANNES
713 1630 757 1695 111
780 1630 872 1695 REX
898 1630 1184 1698 LUSITANIAE

550 1752 670 1807 PATRI
690 1750 859 1810 IGNATtO
879 1754 933 1808 DE
952 1752 1115 1811 LOYOLA

574 1872 744 1915 orrsrrosrr
758 1860 791 1914 28
804 1874 975 1916 orsaorsa
991 1872 1059 1929 1554
1073 1860 1092 1917 ³.

213 1991 437 2065 Superioribus
456 1994 573 2066 ignatii
594 1994 718 2067 litteris,
736 1994 774 2049 28
792 1995 966 2051 Decembris
987 2008 1060 2065 1553
1083 1994 1175 2061 dotis,
1196 2000 1337 2050 accurate
1355 2012 1391 2050 ac
1406 1996 1451 2050 di·

246 2084 356 2138 stincte
369 2084 576 2154 respondet-
580 2083 666 2155 Quid
675 2086 787 2139 sentiat
800 2086 837 2138 de
847 2086 926 2139 viris
935 2085 973 2139 ab
983 2084 1106 2157 ignatio
1116 2086 1158 2138 ad
1167 2086 1368 2157 aethiopicam
1380 2088 1451 2139 mis-

244 2174 363 2227 sionem
379 2172 555 2243 propositis.
564 2204 596 2213 -
597 2172 750 2245 Jaannem
771 2172 931 2227 Nunnium
950 2175 984 2228 in
998 2173 1226 2245 patriarcham,
1249 2173 1401 2230 Oviertum
1422 2181 1450 2228 et

132 2306 136 2311 .
246 2260 436 2317 Carnerium
447 2264 480 2316 in
491 2262 641 2333 episcopos
652 2262 809 2333 adjutores
819 2263 1092 2336 seligit-Ignatii
1101 2264 1282 2318 sententiam
1294 2264 1404 2334 probat
1413 2266 1449 2319 de

242 2352 456 2405 constituendo
475 2352 613 2407 Baraaeo
630 2353 888 2407 commissaria-
892 2354 1055 2422 Quaenam
1071 2354 1196 2425 gratiae
1209 2358 1237 2406 et
1247 2357 1379 2424 potestas
1388 2358 1449 2423 pro

242 2441 390 2513 episcopis
400 2460 419 2497 a
431 2440 574 2513 pontifice
584 2442 719 2515 maximo
729 2442 943 2514 impetrandae
956 2448 1028 2499 srnt.
1037 2446 1116 2497 -An
1129 2445 1242 2499 caeteri
1253 2443 1339 2507 socii,
1352 2444 1405 2513 qai
1414 2444 1448 2497 in

246 2532 441 2603 Aethiopiam
460 2530 665 2595 destinantur,
683 2532 852 2586 sacerdotes
868 2548 929 2587 erse
946 2531 1270 2590 debeant-Mandata
1287 2532 1328 2585 ad
1340 2531 1447 2585 lusita-

245 2638 323 2674 num
337 2624 490 2674 oratorem
505 2617 537 2671 in
558 2616 643 2673 Urbe.

818 2755 839 2842 i

272 2910 373 2969 Padre
390 2910 532 2989 anatio.

273 3018 402 3095 Regeby
417 3020 532 3076 huuma
547 3028 643 3078 carita
656 3034 732 3077 vose
743 3018 782 3077 de
799 3032 905 3077 xxvm
919 3018 959 3075 de
971 3016 1146 3075 Dezembro
1159 3032 1210 3073 em
1221 3014 1446 3089 reposta'd¹0o·

204 3134 256 3185 tra
272 3144 333 3200 que
348 3144 407 3185 vos
421 3143 530 3201 screuy
544 3127 637 3185 sobre
651 3144 685 3185 as
700 3144 811 3185 cousas
825 3127 867 3184 do
881 3126 988 3183 Preste
1001 3125 1110 3198 Joham
1125 3140 1142 3181 e
1158 3124 1201 3181 do
1215 3140 1278 3197 que
1290 3140 1339 3181 me
1355 3140 1446 3196 pare-

206 3233 259 3306 qia
279 3248 340 3307 que
361 3250 418 3307 por
437 3234 557 3307 seruiqo
577 3234 617 3291 de
637 3250 731 3291 nosso
751 3232 872 3291 Senhor
895 3248 913 3288 e
933 3231 1088 3303 saluaoam
1108 3230 1164 3287 das
1182 3230 1278 3287 almas
1298 3229 1445 3300 d’aquete

206 3356 310 3417 regno
329 3356 364 3397 se
383 3340 474 3399 deuia
490 3340 570 3399 iazer
590 3358 607 3397 e
623 3356 745 3413 prouer3
761 3356 778 3398 e
797 3358 868 3397 com
888 3356 906 3395 a
925 3338 1009 3396 dicta
1028 3354 1106 3395 vose
1124 3343 1222 3395 cartta
1242 3337 1359 3409 reqeby
1375 3353 1444 3410 asy-

112 3486 115 3489 -
206 3464 331 3505 mesmo
350 3448 464 3505 huuma
480 3446 703 3523 ymsormaeam
719 3448 775 3505 das
791 3446 948 3505 calidades
963 3447 1019 3503 das
1034 3462 1146 3520 pesoas
1162 3445 1202 3501 de
1218 3462 1295 3501 vose
1309 3442 1444 3517 Compa-

206 3556 283 3613 nhia
297 3572 359 3627 que
374 3554 534 3629 poderiam
546 3558 642 3613 servir
653 3572 671 3613 a
681 3553 903 3613 nossoSenhor
914 3561 1003 3611 neate
1014 3553 1178 3628 neguocio
1191 3550 1345 3626 segumdo
1355 3568 1374 3607 a
1389 3550 1445 3607 de-

205 3664 409 3736 treminaoam
425 3681 487 3737 que
498 3665 568 3721 nele
580 3640 704 3736 parocia
718 3663 865 3720 dener-se
877 3664 1007 3731 thomar,
1022 3678 1039 3717 e
1055 3676 1109 3733 asy
1121 3676 1163 3732 vy
1175 3659 1251 3715 tudo
1266 3674 1360 3730 oque
1373 3659 1445 3714 aete

204 3788 268 3829 vos
283 3770 408 3843 pareoia
428 3788 479 3828 eo
498 3770 593 3829 modo
613 3786 673 3843 que
693 3770 877 3846 guardastes
897 3786 947 3826 em
969 3786 988 3825 ο
1003 3768 1225 3825 comsiderare
1245 3765 1444 3834 denominat,

205 3896 272 3953 que
287 3878 361 3936 heo
380 3876 568 3937 verdadeiro
583 3894 600 3937 e
621 3896 640 3936 o
656 3879 768 3952 propio
787 3894 836 3936 ern
856 3876 948 3935 todas
969 3894 1003 3933 as
1018 3890 1140 3945 cousus,
1157 3881 1369 3947 mayormente
1389 3888 1444 3929 na-

205 3988 319 4061 quelas
329 3986 370 4044 de
382 4002 444 4059 que
456 4002 489 4044 se
502 3986 596 4043 hir-de
612 3994 707 4045 trater
717 3986 757 4043 da
770 3986 867 4062 gloria
882 3986 923 4042 de
935 4000 1013 4041 noso
1028 3983 1150 4041 Senhor
1161 4000 1179 4039 e
1190 3982 1230 4039 de
1242 3997 1297 4038 seu
1309 3981 1444 4051 remigo,

206 4110 247 4152 ao
262 4094 335 4167 qual
351 4095 474 4168 prazert
489 4092 544 4152 dar
559 4100 647 4152 nesta
658 4094 698 4151 de
710 4110 771 4167 que
783 4110 816 4151 se
830 4102 909 4151 trata
917 4111 939 4160 ,ο
954 4092 1007 4149 tim
1021 4108 1084 4164 que
1095 4108 1129 4147 se
1145 4088 1315 4164 pretemde,
1331 4104 1392 4161 que
1404 4088 1445 4145 he

205 4218 258 4259 ser
273 4202 321 4259 ete
342 4202 492 4275 naquelas
510 4208 607 4259 terras
623 4203 718 4259 inuito
738 4201 874 4259 louuado
895 4218 912 4257 e
933 4200 1069 4257 semida.
1089 4199 1116 4256 E
1134 4196 1383 4257 comsideramdo
1404 4212 1444 4253 eu

205 4324 263 4365 nas
278 4308 438 4367 calidades
452 4324 514 4381 que
528 4326 713 4367 concorrem
725 4326 773 4366 em
789 4309 868 4366 cada
883 4310 979 4365 houm
994 4308 1052 4364 dos
1064 4306 1250 4381 apomtados
1265 4311 1354 4362 nesta
1367 4320 1445 4360 vora

212 4416 421 4425 ι-ο-ι--ια-

261 4478 275 4513 r
294 4460 435 4516 tidelidad
449 4461 485 4515 de
500 4463 526 4515 la
539 4462 629 4521 alter,

209 4560 423 4571 ———-.-—-

263 4608 268 4640 ¹
308 4608 352 4662 Ex
365 4608 538 4680 archetypo,
554 4607 583 4663 in
596 4608 699 4663 codice
715 4608 812 4679 Epist.
825 4607 960 4679 princip.
979 4604 1189 4679 (nri-1599),
1205 4616 1215 4659 1
1221 4618 1286 4673 §.⁰¹¹1
1301 4620 1443 4673 monum,

210 4698 373 4770 antiquitus
385 4714 415 4752 n.
428 4697 482 4768 437
496 4706 526 4753 et
539 4697 602 4768 438,
617 4698 728 4772 duplici
742 4698 823 4757 folio
