3567 5409
414 480 467 535 (m
788 480 995 535 Monuunnra
1015 480 1192 534 lonnrnna

380 637 481 720 potra
497 634 602 700 andar
619 655 639 699 a
655 654 719 699 suo
739 631 855 717 piacet
875 632 965 732 insin
987 654 1007 699 a
1028 632 1187 712 Colonia,
1206 643 1241 698 et
1262 636 1390 713 anche,
1414 655 1449 701 se
1463 634 1590 715 uolemi,

380 749 482 815 insin'
501 751 671 815 Anuersa.
691 749 825 834 Questo
843 759 934 813 tutto
950 748 1028 815 dieo
1046 760 1250 835 persuposto
1261 751 1326 817 che
1340 751 1382 815 V.
1403 751 1442 815 R.
1460 771 1525 816 non
1536 772 1593 835 po-

382 865 463 933 tessi
480 866 607 934 andare
623 887 643 931 a
658 865 792 945 caua103
811 864 833 929 il
850 868 914 931 che
931 886 968 933 se
984 864 1111 951 potessi
1130 864 1213 945 sare,
1232 868 1342 935 anche
1357 866 1497 934 sarebbe
1507 866 1594 932 buon

381 983 495 1061 modo,
513 982 547 1046 in
564 980 647 1067 ogni
659 992 785 1047 evento
797 991 811 1019 ⁰
823 981 982 1047 hauendo
993 1001 1074 1047 seco
1092 1003 1137 1047 un
1156 1002 1351 1067 compagno
1363 1002 1424 1065 per
1435 980 1522 1050 aiuto
1537 1002 1595 1048 suo

382 1099 471 1167 nella
488 1097 556 1166 uia.
1614 1178 1618 1185 ,

448 1217 589 1299 Quanto
606 1212 664 1279 alli
679 1212 810 1292 danari,
829 1212 933 1297 quelli
955 1208 1059 1279 Padri
1074 1216 1190 1280 hanno
1212 1215 1297 1280 fatto
1318 1214 1482 1299 prudente
1498 1211 1596 1299 parti-

383 1330 475 1396 tione
491 1350 556 1395 con
574 1332 618 1395 V.
638 1331 695 1410 R.,
713 1329 860 1395 facendo
875 1340 979 1395 conto
1000 1330 1064 1396 che
1085 1328 1143 1415 gia
1158 1331 1223 1397 che
1239 1340 1377 1397 restaua
1393 1328 1429 1395 in
1445 1329 1550 1409 ltalia,
1567 1339 1598 1395 et

382 1447 411 1513 si
426 1458 555 1532 poteua
571 1447 606 1511 di
623 1467 714 1512 nouo
730 1447 781 1513 sar
798 1444 1006 1531 prouisione,
1021 1456 1056 1511 et
1071 1446 1138 1513 che
1153 1447 1261 1513 alloro
1276 1446 1365 1512 saria
1382 1444 1439 1531 pin
1454 1445 1563 1512 sicuro
1576 1446 1596 1510 l'

382 1561 555 1641 abondare
579 1574 614 1629 et
638 1561 808 1629 rimandar
835 1560 870 1626 in
893 1561 1005 1627 drieto
1028 1565 1092 1629 che
1115 1561 1326 1642 altrimente‚
1356 1582 1458 1629 senza
1485 1572 1597 1645 questa

383 1677 655 1746 consideratione
678 1676 867 1743 haueriano
890 1676 1015 1763 partito
1039 1678 1143 1759 male;
1170 1678 1298 1763 perche
1321 1679 1365 1745 de
1389 1693 1433 1761 5ο
1455 1677 1548 1743 scudi
1571 1678 1600 1742 la

383 1793 544 1881 maggior
559 1808 655 1879 parte
670 1795 714 1860 de
730 1813 752 1876 4
767 1816 825 1861 era
845 1815 907 1880 per
924 1794 967 1860 V.
992 1795 1033 1860 R.
1052 1794 1128 1860 Con
1148 1804 1289 1879 quest0,
1308 1793 1340 1859 al
1362 1804 1476 1879 tempo
1497 1791 1600 1860 chesi

384 1910 523 1978 hauessi
544 1934 563 1978 a
581 1910 726 1996 partire,
749 1908 773 1974 il
795 1911 835 1975 P.
861 1908 1043 1978 Pelletan'o
1065 1909 1149 1996 pigli
1170 1931 1270 1996 sopra
1293 1909 1328 1975 di
1351 1932 1406 1977 me
1429 1906 1512 1975 tanti
1530 1907 1599 1975 altri

385 2025 495 2105 scudi,
513 2027 580 2093 che
596 2026 744 2105 bastin0,
767 2046 870 2091 sanza
890 2026 943 2091 far
962 2024 1163 2092 limitatione
1184 2026 1326 2105 alcuna,
1348 2026 1473 2111 perche
1489 2024 1565 2090 tutti
1580 2024 1601 2088 li

386 2144 596 2227 pagharemo
617 2140 924 2208 indubitatamente
948 2139 1065 2225 quanti
1090 2140 1121 2207 ci
1146 2144 1248 2208 uorra
1271 2139 1455 2221 carricare,
1488 2139 1516 2205 si
1540 2140 1602 2204 ben

385 2257 483 2324 siano
500 2257 576 2324 altri
593 2256 689 2325 uenti
705 2257 815 2338 scudi,
834 2278 855 2325 o
872 2278 933 2342 30,
951 2258 987 2323 in
1003 2260 1107 2326 modo
1129 2262 1194 2326 che
1214 2282 1284 2326 non
1304 2258 1333 2325 si
1349 2257 1415 2325 stia
1435 2280 1495 2344 per
1509 2257 1531 2323 li
1546 2258 1602 2323 da-

385 2373 472 2453 nari,
491 2375 629 2457 quando
645 2372 674 2439 si
691 2372 868 2459 giudicase
884 2374 1028 2441 sarebbe
1045 2374 1128 2443 utile
1143 2375 1176 2440 la
1191 2396 1291 2461 spesa
1307 2376 1457 2441 secondo
1473 2374 1497 2439 il
1512 2394 1602 2459 pare·

385 2512 423 2557 re
436 2488 518 2555 delli
534 2487 669 2557 medici.
1184 2558 1192 2575 ,

451 2606 491 2671 L'
509 2604 680 2672 auemarie
696 2602 923 2683 benedette'd,
941 2616 976 2671 et
992 2606 1079 2672 altre
1095 2603 1205 2691 gratie
1217 2606 1281 2673 che
1294 2608 1338 2673 N.
1360 2608 1399 2672 P.
1415 2604 1603 2672 comunica-

386 2742 430 2786 ua
446 2742 466 2786 a
483 2721 525 2786 V.
546 2722 602 2799 R„
622 2720 725 2788 credo
740 2721 762 2784 l'
779 2722 953 2788 hauerano
971 2721 1111 2787 lasciate
1122 2724 1232 2788 anche
1245 2720 1279 2788 in
1297 2721 1445 2807 Vinegia
1461 2742 1528 2787 con
1542 2741 1603 2787 una

254 2844 258 2851 ’
382 2834 451 2901 mia
471 2836 603 2904 lettera.
630 2836 672 2901 Et
693 2835 886 2903 aduertisca
908 2838 951 2903 V.
972 2837 1013 2903 R.
1038 2838 1118 2916 che,
1141 2836 1170 2903 si
1192 2836 1303 2905 henli
1328 2836 1555 2927 mandesseno
1573 2835 1605 2900 di

384 2950 531 3018 Venetia
545 2951 650 3035 quelli
672 2970 710 3017 10
732 2967 782 3031 V,
800 2954 865 3019 che
881 2951 911 3017 si
926 2951 1066 3019 seruino
1088 2973 1150 3037 per
1165 2950 1189 3018 il
1205 2952 1332 3039 viagi03
1351 2952 1557 3032 altrimente,
1574 2972 1605 3018 se

325 3115 332 3124 .
383 3066 672 3152 sispendessero,
697 3068 837 3148 fariamo
859 3079 950 3134 torto
973 3080 985 3107 ²
1007 3069 1038 3134 al
1057 3070 1094 3134 P.
1116 3068 1314 3151 Pelletari0;
1333 3079 1368 3137 et
1388 3066 1399 3109 ¹
1417 3068 1451 3133 in
1471 3070 1517 3135 tal
1534 3088 1606 3135 caso

383 3180 580 3267 bisogneria
596 3185 660 3249 che
675 3182 722 3248 lui
739 3182 762 3247 li
779 3182 932 3251 rendessi
949 3184 1065 3269 dopoi.

451 3298 528 3365 Non
545 3299 644 3380 altro,
658 3320 696 3365 se
713 3319 780 3364 non
794 3301 859 3366 che
872 3300 952 3366 tutti
965 3322 1129 3387 pregamo
1142 3300 1239 3367 Iddio
1255 3302 1300 3368 N.
1319 3302 1355 3370 S.
1370 3301 1514 3387 dispona
1527 3301 1607 3369 delta

383 3414 494 3479 sanita
510 3426 546 3481 et
561 3414 734 3481 infermita
748 3415 792 3480 de
809 3415 902 3497 tutti,
920 3416 1139 3484 secondochi
1156 3420 1232 3484 scra
1247 3416 1306 3503 piri
1322 3416 1451 3486 seruito
1466 3429 1502 3485 et
1519 3438 1607 3484 com-

386 3528 562 3619 piac[i]uto
577 3532 621 3597 da
637 3531 706 3598 noi.
727 3534 851 3599 Amen.

453 3647 506 3715 De
522 3647 632 3713 Roma
649 3666 688 3713 21
708 3648 753 3716 de
768 3648 887 3734 Aprile
909 3665 1003 3734 1554.

451 3762 648 3847 Inscriptio.
668 3765 700 3830 A
714 3766 867 3831 Ferrara.
888 3766 919 3833 A
939 3768 1040 3833 Mtro.
1061 3766 1227 3834 Adriano.

437 4006 450 4034 c
487 4002 596 4048 anemo
609 4012 665 4051 ms.
704 3997 754 4037 —d
773 3996 922 4050 auemarie
936 3996 969 4054 B.
985 4014 1040 4052 mr.
1079 4013 1126 4040 -e
1145 3997 1286 4056 toltoms.
1325 4000 1372 4040 -f
1387 3995 1494 4057 dem.
