3567 5409
576 493 680 554 Errsr.
700 493 836 563 4048.-7
856 495 1008 566 Jartorarr
1028 506 1098 565 1554
1367 510 1416 567 ¹51

226 662 334 728 cuyas
355 645 533 715 oraciones
556 647 684 712 mucho
706 666 760 713 me
780 646 1028 732 encomiendo).
1051 646 1137 716 Dios
1157 648 1200 716 N.
1225 650 1263 718 S.
1289 660 1394 737 tenga
1412 672 1453 717 su

226 761 370 827 nombre
385 761 505 828 scritto
519 782 564 829 en
579 764 611 829 01
627 761 726 843 01010,
744 785 767 848 y
783 786 826 831 en
844 763 944 831 todos
959 775 1146 851 augmenta
1160 765 1213 832 los
1227 767 1337 856 dones
1352 766 1396 833 de
1412 788 1454 834 su

227 875 360 963 gracia
378 878 503 945 Amen.

293 994 346 1059 De
361 993 508 1081 algunas
523 1014 622 1063 cosas
636 994 751 1063 scriuo
766 1001 787 1061 a
803 998 904 1063 Mtro.
924 997 1047 1076 Nadal,
1065 1018 1146 1082 quc,
1163 1018 1263 1065 como
1278 998 1355 1083 alla,
1378 1011 1454 1065 tan-

226 1107 307 1176 bien
323 1114 385 1175 aea
401 1111 470 1176 han
486 1107 646 1196 parazido
661 1114 789 1177 mucho
804 1111 896 1181 bien.
916 1113 949 1180 A
964 1114 996 1179 el
1013 1112 1147 1194 remito,
1166 1134 1235 1199 que
1250 1134 1458 1181 000010010-

227 1224 345 1291 nicara
361 1224 394 1292 el
411 1214 506 1305 tod0‚
524 1248 546 1311 y
563 1228 647 1295 haos
662 1228 705 1293 de
722 1238 817 1295 tocar
832 1229 947 1294 buena
962 1240 1061 1315 parte
1074 1229 1131 1296 del
1143 1250 1240 1315 peso,
1254 1250 1340 1317 pnes
1351 1231 1458 1302 distes

226 1340 259 1407 el
274 1342 441 1409 recuerdo
458 1342 481 1409 ⁸.
502 1344 555 1411 De
572 1343 653 1409 todo
668 1364 706 1411 se
721 1342 843 1411 siruira
859 1366 882 1429 y
898 1344 1091 1431 glorificata
1107 1344 1194 1414 Dios
1210 1347 1256 1416 N.
1273 1347 1311 1417 S.

294 1458 348 1523 De
364 1458 472 1525 Roma
488 1458 510 1524 6
524 1458 569 1525 de
587 1459 701 1526 Enero
721 1474 817 1543 1554.

297 1574 492 1661 Inscriptio.
514 1574 595 1642 Post
610 1574 728 1641 scritta
744 1596 828 1661 para
844 1578 874 1643 el
892 1578 935 1646 P.
953 1578 1137 1646 Francisco
1153 1580 1197 1646 de
1215 1580 1327 1662 Borja.

801 1739 907 1822 41148

517 1882 655 1947 PATRI
681 1882 968 1950 HIERONYMO
992 1884 1170 1951 NATALl

632 2018 720 2062 notra
738 2020 755 2075 7
774 2019 1012 2077 Jsrrustrrr1554
1036 2012 1054 2065 ¹.

227 2143 266 2197 10
286 2141 442 2213 Hispania
464 2148 525 2197 tros
548 2129 706 2199 Societan's
726 2143 903 2212 provincias
923 2145 1275 2213 constituendas-Quis
1297 2146 1461 2216 unicuique

277 2231 512 2304 praeficiendus.
525 2232 616 2287 -His
627 2237 655 2287 et
671 2232 883 2305 Portugalliae
899 2231 1085 2303 provinciali
1099 2234 1216 2306 Borgio
1234 2235 1461 2289 commissarius

278 2323 495 2393 praeponitur.

780 2431 900 2573 pivs

288 2618 336 2685 La
352 2638 486 2685 summa
502 2619 619 2701 gracia
634 2640 657 2704 y
673 2641 770 2686 amor
785 2632 908 2688 eterno
924 2621 968 2689 de
984 2620 1124 2687 Christo
1141 2621 1184 2688 N.
1208 2622 1244 2687 S.
1270 2642 1329 2687 sea
1351 2620 1458 2688 siem·.

218 2754 280 2819 pre
293 2755 339 2801 00
356 2734 455 2801 fauor
471 2756 493 2821 y
509 2736 622 2819 ayuda
638 2750 791 2803 nuestra.

285 2850 442 2918 Mirando
458 2858 588 2937 quanto
603 2874 662 2920 sea
678 2852 871 2920 necessaria
888 2852 921 2918 la
937 2851 1116 2919 visitacion
1132 2874 1155 2937 y
1176 2851 1371 2919 assistentia
1395 2853 1453 2920 del

216 2966 390 3052 preposito
405 2966 593 3054 prouincial
610 2975 630 3035 a
646 2969 699 3035 los
714 2966 879 3055 collegios
891 2990 913 3053 y
926 2988 1024 3035 casas
1036 2968 1079 3037 de
1091 2980 1231 3035 nuestra
1245 2968 1449 3053 Componis,

213 3104 236 3167 y
253 3102 333 3166 que,
352 3083 527 3150 dilatando
542 3083 575 3149 la
590 3083 708 3149 diuina
724 3106 746 3169 y
763 3106 896 3151 summa
911 3084 1049 3150 bondad
1064 3085 1096 3152 el
1113 3090 1258 3151 m'rmero
1275 3083 1382 3149 dellas
1405 3106 1448 3151 en

214 3220 293 3266 esos
309 3220 447 3283 reynos,
466 3220 512 3265 00
527 3204 614 3266 saria
636 3199 786 3285 possible
809 3220 876 3287 que
900 3221 968 3265 uno
988 3202 1061 3266 solo
1081 3200 1312 3268 satisfaciesse
1334 3205 1355 3265 a
1375 3210 1451 3267 este

213 3334 336 3401 cargo,
356 3336 411 3383 me
427 3317 471 3381 he
486 3315 722 3383 determinatio
743 3338 786 3384 en
807 3317 840 3381 el
859 3317 970 3384 Serior
991 3328 1133 3383 nuestro
1154 3317 1341 3381 ordenaros
1362 3334 1444 3399 que,
1510 3345 1513 3352 ⁴

211 3441 312 3495 antes
326 3430 371 3495 de
386 3440 525 3496 vuestra
540 3428 647 3497 salida
659 3430 761 3498 desos
776 3451 916 3515 reynOS,
934 3430 1062 3516 dexeys
1078 3430 1257 3498 senaladas
1274 3440 1345 3496 tres
1362 3448 1441 3513 pro-

211 3542 357 3624 uincias,
375 3543 429 3611 sin
446 3545 537 3612 lade
555 3547 732 3631 portugal,
751 3568 794 3615 en
812 3545 907 3613 ellos,
927 3547 1005 3614 Una
1019 3551 1097 3611 sera
1112 3544 1168 3611 del
1180 3565 1288 3629 reyno
1299 3545 1342 3609 de
1354 3544 1444 3610 Ara·

209 3666 296 3747 gon,
312 3660 476 3728 Valencia
488 3682 512 3745 y
523 3660 706 3742 Carnona
720 3671 794 3729 otra
806 3660 850 3727 de
861 3660 1004 3727 Castilla
1019 3661 1075 3746 [la]
1086 3660 1185 3744 Vieja
1201 3682 1223 3744 y
1239 3659 1271 3724 el
1284 3679 1391 3744 reyno
1403 3658 1446 3722 de

263 3894 276 3927 ⁵
314 3891 390 3948 Vide
404 3893 544 3964 epistolas
556 3893 629 3963 4028
641 3904 672 3949 et
686 3895 766 3963 4048.

263 4051 270 4079 “
310 4046 354 4101 Ex
376 4046 557 4118 apographo,
571 4046 604 4101 10
618 4045 688 4102 Coei.
717 4046 827 4117 Vitetl,
848 4064 876 4105 0.
891 4046 955 4117 357,
975 4046 1006 4100 10
1024 4044 1096 4100 10110
1113 4046 1222 4101 soluto.
1242 4042 1332 4098 Aliud
1352 4053 1436 4099 exsta

203 4136 378 4208 exemplum
390 4134 422 4190 10
433 4136 498 4190 cod.
513 4134 687 4202 Menelaeo,
700 4135 751 4190 lib.
766 4136 818 4207 lV,
832 4154 861 4191 0.
872 4152 901 4207 4;
913 4134 1033 4191 etaliud
1044 4136 1121 4189 inter
1132 4132 1338 4204 manuscripta
1349 4132 1444 4187 Patris

206 4226 379 4293 Heracliam,
394 4232 426 4279 et
439 4225 495 4279 hoc
508 4222 627 4297 quidem
642 4240 765 4294 magnae
783 4224 979 4293 auctoritatis,
994 4233 1025 4279 ut
1042 4231 1158 4279 constat
1172 4239 1210 4276 ex
1223 4220 1394 4276 testimonio
1406 4222 1443 4277 ad

202 4315 319 4370 calcem
332 4312 477 4387 epistolae
490 4312 595 4384 posito:
610 4313 769 4369 «Traslado
781 4314 819 4369 de
833 4316 860 4370 la
871 4315 956 4386 copia
969 4313 1018 4370 liel
1031 4313 1069 4368 (10
1083 4314 1111 4369 la
1122 4320 1203 4367 carta
1221 4309 1357 4381 original,
1374 4327 1444 4367 con·
1533 4309 1536 4313 ’

201 4402 330 4459 servada
343 4419 381 4458 00
394 4403 422 4457 01
435 4402 553 4473 colegio
563 4402 602 4457 de
615 4400 733 4460 Oviedo
746 4418 784 4459 00
797 4422 836 4459 00
850 4403 985 4459 relicario
997 4403 1034 4457 (10
1049 4403 1137 4474 plata,
1150 4418 1170 4470 y
1183 4399 1291 4455 sacada
1303 4401 1331 4455 01
1344 4400 1443 4456 Marto

199 4494 250 4549 (101
268 4492 337 4562 1765
350 4508 403 4565 por
414 4490 473 4546 don
487 4490 602 4547 Manuel
615 4492 752 4563 Azurion,
762 4510 782 4565 y
792 4492 830 4547 de
841 4494 899 4548 ella
911 4502 976 4549 estc
989 4489 1118 4547 traslado
1132 4492 1158 4545 el
1169 4490 1187 4544 3
1197 4488 1331 4559 deJunio
1343 4500 1441 4558 1795.»

207 4582 441 4652 vinxerunt,
455 4578 506 4636 lib.
522 4580 576 4651 lV,
590 4598 619 4638 0.
633 4580 656 4649 13
670 4580 783 4650 Boura,
798 4598 827 4636 n.
842 4580 888 4655 333
904 4581 1026 4645 cartas,
1040 4598 1070 4636 0.
1085 4577 1228 4637 CCCCV.
