3567 5409
769 494 977 552 Mortuum
1000 494 1179 552 lontrrntm

917 651 1023 734 41111

658 783 812 850 serso
838 783 1028 852 BR1TON1
1051 785 1112 852 ex
1134 784 1287 853 conns.

760 920 850 963 son
865 921 902 962 zo
918 901 1151 979 snionnn1554
1170 912 1190 967 ¹.

197 1008 201 1018 ι
324 1068 332 1084 ·
358 1042 408 1098 Aa
416 1047 523 1114 pacem
535 1045 564 1097 ct
577 1039 738 1097 victoriam
751 1043 788 1098 de
801 1017 958 1115 nndtpin
970 1043 1164 1100 obtinendam
1176 997 1502 1117 attonderi-spon
1511 1041 1598 1115 facit

412 1135 448 1187 ut
452 1131 596 1203 proximo
602 1131 760 1187 curriculo
768 1133 813 1187 net
819 1132 1034 1208 aggredienda
1043 1134 1243 1190 scientiarum
1253 1133 1357 1189 3131113
1365 1133 1600 1202 ritevocandtteg

385 1259 387 1266 ·
409 1222 517 1276 motat
530 1220 648 1278 intem
667 1225 701 1276 ut
713 1221 748 1276 in
760 1221 877 1278 latinns
894 1223 1016 1280 littam
1026 1223 1195 1280 incumbat
1209 1222 1286 1295 quid
1296 1223 1332 1278 in
1347 1224 1513 1280 samntio
1523 1221 1598 1278 stilo

411 1309 451 1366 sit
463 1310 515 1366 illi
520 1309 726 1383 fugiendum,
738 1312 832 1366 docet.

428 1449 502 1514 Pax
518 1445 576 1514 X)
871 1503 874 1510 ,

427 1562 639 1632 charissimo
654 1585 690 1628 tn
706 1563 771 1632 X.⁰
788 1565 934 1632 fratello,

428 1679 557 1746 Nostro
571 1679 681 1748 Padre
696 1682 742 1746 ha
753 1679 912 1749 riceuuto
922 1681 956 1748 la
972 1693 1090 1748 nostra
1104 1682 1148 1748 de
1165 1699 1204 1748 12
1215 1681 1273 1749 del
1286 1690 1444 1767 presente
1455 1679 1595 1760 lamina,

361 1807 396 1864 et
413 1795 493 1862 tutti
510 1794 544 1861 ui
559 1793 772 1863 desideramo
787 1797 901 1881 quella
911 1805 1002 1882 ‘pace
1016 1797 1060 1864 de
1080 1797 1114 1863 lo
1129 1794 1250 1883 spirito
1269 1807 1389 1863 nostro
1403 1797 1471 1864 che
1485 1793 1598 1862 Chri·

362 1922 417 1977 sto
434 1911 478 1976 N.
497 1912 535 1982 S.
553 1911 658 1978 lascio
674 1910 732 1976 alli
748 1911 826 1978 suoi
841 1912 935 1980 serui
955 1912 1114 1981 dicendo:
1134 1915 1260 1980 Pacem
1281 1911 1454 1981 meando
1476 1909 1596 1990 uobis,

362 2046 481 2112 pacem
499 2025 656 2113 relinquo
672 2025 770 2094 uobis
782 2027 808 2107 ¹,
826 2038 861 2096 et
873 2028 987 2114 quella
998 2028 1232 2096 consolatione
1247 2030 1314 2096 che
1329 2028 1428 2096 suole
1438 2029 1523 2094 dare
1534 2047 1599 2092 oo·

363 2141 423 2222 lui,
442 2143 501 2226 qui
516 2151 569 2208 est
587 2145 689 2210 Pater
705 2141 1013 2210 misericordiarum
1029 2155 1064 2213 et
1085 2145 1183 2212 Deus
1197 2143 1304 2211 totius
1318 2141 1569 2210 consolationis
1585 2143 1597 2176 ⁸

363 2257 419 2324 all'
429 2257 542 2325 anime
552 2257 709 2328 dedicate
722 2259 755 2324 al
767 2279 832 2326 suo
842 2257 963 2325 diuino
974 2257 1129 2338 seruitio,
1139 2258 1231 2345 quali
1244 2259 1453 2345 abnegando
1461 2259 1484 2324 l’
1498 2277 1598 2325 amor

363 2373 513 2461 proprio,
531 2370 672 2466 [hpnno
688 2375 775 2442 fatto
790 2376 964 2442 oblatione
979 2375 1014 2442 di
1029 2377 1067 2443 si
1082 2373 1182 2442 stessi
1198 2375 1450 2461 integramente
1472 2374 1506 2442 al
1528 2395 1597 2440 suo

363 2503 529 2556 creatore.
547 2491 593 2556 Et
607 2489 680 2559 cosi
696 2511 765 2558 non
785 2490 947 2573 dubitati,
971 2491 1106 2559 fratello
1125 2489 1340 2571 charissimo,
1361 2491 1429 2556 elie
1448 2487 1598 2558 comesi

363 2603 519 2673 desidera
533 2625 600 2672 con
615 2607 637 2672 l'
654 2608 784 2686 alieno,
802 2627 841 2675 se
851 2607 1035 2692 procuretis
1047 2606 1151 2674 etiam
1167 2627 1233 2673 con
1250 2608 1274 2673 l’
1287 2607 1407 2676 etietto
1418 2605 1474 2672 dal
1490 2618 1598 2672 canto

362 2720 407 2788 de
425 2723 472 2788 N.
490 2723 529 2789 Ρ.
549 2732 666 2790 vostra
682 2743 767 2808 pace
782 2733 817 2788 et
837 2720 1061 2789 consolation.
1084 2721 1184 2789 Fatti.
1199 2723 1254 2788 uoi
1271 2723 1328 2788 dal
1351 2734 1471 2789 nostro
1491 2735 1598 2788 canto

363 2837 477 2922 quello
492 2839 548 2903 ch'
565 2859 585 2904 a
601 2837 762 2924 religioso
777 2849 812 2904 et
827 2859 930 2906 seruo
945 2837 981 2904 di
997 2836 1064 2904 Dio
1078 2836 1251 2906 conuiene
1267 2837 1352 2917 iare,
1375 2836 1597 2924 procurando

363 2951 562 3038 disponerui
577 2953 643 3021 alla
655 2951 766 3039 gratia
781 2975 845 3020 sua
860 2973 927 3020 con
942 2953 1135 3038 resignarui
1156 2954 1246 3020 nelle
1262 2953 1354 3020 mani
1369 2951 1414 3019 de
1435 2973 1499 3019 sua
1514 2972 1597 3038 pro·

365 3066 585 3150 sidentia,·la
595 3069 696 3154 quale
713 3068 747 3136 ui
764 3067 1280 3155 gouernaraindubitatamente
1290 3089 1356 3155 -per
1366 3085 1492 3138 mezzo
1501 3065 1595 3134 della

364 3193 463 3252 santa
480 3183 686 3264 obedientia,
704 3194 799 3252 sotto
813 3183 837 3250 11
853 3183 913 3250 cui·
926 3183 1039 3272 giogo
1056 3183 1366 3250 uoluntariamente
1382 3184 1418 3249 ui
1434 3183 1515 3251 setti
1532 3203 1596 3268 po-

365 3299 1050 3385 mmmffifflNS>··
1349 3319 1481 3393 Ι·

431 3416 573 3502 Quanto
589 3416 620 3484 al
636 3415 806 3483 desiderio
826 3418 891 3483 che
912 3415 1067 3482 mostrati
1082 3417 1126 3484 de
1147 3417 1254 3484 ueder
1269 3417 1314 3482 N.
1334 3418 1387 3496 P.‚
1410 3425 1447 3481 et
1462 3413 1562 3482 uenir
1576 3437 1598 3481 a

366 3533 486 3612 Roma,
505 3531 540 3598 ui
557 3531 672 3599 saccio
681 3531 860 3600 intendere
880 3533 991 3618 (come
1011 3551 1119 3618 penso
1133 3531 1238 3598 etiam
1260 3534 1368 3616 bauer
1383 3529 1517 3616 scritto)
1531 3531 1597 3596 che

366 3649 397 3716 al
413 3669 478 3715 suo
493 3648 569 3715 loco
585 3659 620 3716 et
636 3659 751 3733 tempo
765 3647 885 3714 seretti
906 3646 1079 3714 chiamato
1099 3669 1162 3734 per
1180 3647 1359 3715 attendere
1376 3647 1444 3715 alle
1464 3645 1596 3713 iaculti

365 3762 545 3851 superiori.
573 3765 644 3830 Pur
667 3763 702 3830 in
724 3775 821 3829 tanto
839 3764 906 3831 che
926 3735 967 3829 ui
982 3763 1058 3829 fatti
1083 3765 1179 3830 buon
1201 3763 1323 3830 lattino
1347 3782 1417 3829 non
1439 3761 1598 3849 perdette

366 3889 480 3966 tempo
492 3901 554 3966 per
569 3879 627 3946 noi
638 3891 761 3960 stesso,
779 3879 883 3948 etiam
895 3880 987 3948 nelle
1002 3879 1137 3960 lettere,
1151 3881 1239 3946 oltra
1254 3879 1289 3945 di
1301 3879 1418 3966 quello
1429 3881 1496 3947 che
1507 3899 1596 3964 gua-

367 3995 520 4084 dagniati
543 3996 624 4064 nell'
640 3989 815 4064 ess'ersitio
830 3993 868 4060 di·
885 3993 1033 4077 charitit
1050 4001 1112 4082 por
1131 3994 1154 4060 11
1170 3993 1272 4082 quale
1286 3995 1356 4063 line
1370 3992 1599 4060 siticercano

367 4113 400 4180 le
414 4113 547 4181 lettere.
562 4113 607 4178 Et
620 4111 746 4194 ditoni,
759 4111 964 4178 charissimo
980 4112 1125 4192 fratello,
1140 4112 1206 4179 alla
1220 4123 1392 4197 emperia,
1404 4112 1474 4178 che
1491 4107 1525 4177 ui
1537 4129 1599 4194 po·

369 4225 429 4295 teti
446 4228 552 4294 molto
568 4227 700 4296 aiutare
716 4227 776 4315 piit
792 4225 826 4293 di
843 4229 959 4313 quello
974 4229 1041 4294 che
1058 4227 1093 4293 ui
1109 4227 1189 4294 setti
1201 4225 1358 4313 agiutato
1372 4227 1464 4295 nella
1476 4225 1599 4312 lingua

368 4341 501 4426 lattina,
515 4356 550 4411 et
562 4343 734 4430 procurati
747 4344 791 4412 de
803 4344 855 4410 iar
871 4365 919 4410 un
931 4342 1024 4410 stillo
1040 4343 1097 4430 pio
1112 4343 1210 4410 sacile
1226 4341 1438 4428 et'semplice
1449 4351 1485 4410 et
1496 4331 1596 4428 poro,

372 4477 577 4490 ...α-...ι-

424 4545 432 4577 ¹
470 4543 515 4598 Ex
528 4543 630 4600 codice
644 4545 764 4618 Repeti.
779 4545 821 4608 11,
836 4544 887 4603 iol.
903 4542 970 4602 33v.

422 4633 434 4666 ¹
466 4633 669 4704 Jonn.‚X1V‚
684 4646 732 4704 27.

423 4723 434 4755 ⁸
470 4721 740 4794 llnocon.,1,3.
