3567 5409
566 466 674 526 unsa.
694 469 979 540 4285.-18Mrnr11
1000 484 1068 542 1554
1343 472 1397 545 49³

272 638 324 687 12.
373 621 470 707 Ogni
484 620 521 689 dl
537 622 654 690 auanti
671 623 695 689 il
711 645 851 710 pranzo,
867 636 902 693 et
920 626 1037 693 auanti
1053 626 1201 695 dormire
1216 628 1249 693 la
1265 648 1353 706 sera,
1367 626 1432 694 alei

192 736 358 821 Gasparo
374 737 406 809 la
422 737 520 817 sella,
539 749 574 807 et
590 740 679 807 veda
694 761 733 808 se
747 740 825 807 seli
847 740 881 807 la
897 742 963 809 mal
983 742 1015 809 al
1032 742 1137 821 mulo,
1155 754 1190 810 et
1203 740 1331 810 habbia
1343 742 1433 811 bona

194 871 285 917 cura
302 852 346 918 de
362 852 422 918 lui.

762 1018 871 1100 4285

388 1140 529 1207 PATRI
553 1139 778 1209 ANDREAE
802 1142 984 1212 OVIEDO
1010 1144 1071 1210 EX
1095 1142 1247 1211 COMM.

614 1268 704 1313 nous
724 1254 757 1311 18
775 1270 885 1313 usam
906 1270 976 1329 1554
998 1262 1018 1315 ¹.

196 1382 246 1436 De
264 1380 385 1436 Belloio
403 1378 628 1451 Spionia-De
647 1380 927 1454 Salmrrone.,-De
945 1401 1037 1439 uxore
1056 1386 1203 1457 magistri
1219 1384 1434 1442 Nicolai.-De

254 1469 380 1525 ledione
393 1468 599 1541 Dsspauterii.
614 1470 683 1525 -De
695 1486 800 1525 sorore
813 1472 945 1543 Angeia.
953 1472 1031 1527 -De
1044 1470 1121 1527 libro
1134 1472 1263 1545 quodam
1274 1476 1303 1527 ei
1312 1472 1434 1529 litteris.

256 1559 338 1615 -De
348 1558 457 1630 pueris
467 1558 587 1613 clericis
598 1558 931 1629 verberantem-Quia
942 1561 1064 1617 colaber
1076 1561 1203 1633 quidam
1215 1562 1344 1617 dixerit.

272 1702 345 1769 Pax
361 1700 503 1771 Christi.

274 1816 511 1885 Riceuessimo
527 1818 640 1902 quelle
656 1820 699 1885 de
714 1821 758 1887 V.
778 1820 834 1900 R,
852 1833 887 1888 et
904 1822 1015 1888 anche
1032 1822 1119 1889 altre
1134 1824 1198 1889 che
1211 1820 1241 1888 ci
1254 1824 1354 1909 porto
1365 1842 1435 1888 ma·

202 1934 320 2001 donna
337 1932 470 2000 Ballota
485 1934 497 1967 ⁸
515 1946 550 2002 et
566 1934 590 1999 il
604 1945 702 2020 prete
716 1936 782 2004 che
797 1936 820 2001 l'
838 1954 1130 2024 accompagnaua.
1149 1932 1182 2005 Α
1196 1937 1278 2006 tutti
1297 1936 1365 2005 due
1390 1938 1436 2004 mi

201 2071 291 2117 sono
307 2052 431 2121 offerto
447 2070 546 2117 come
561 2049 756 2118 conueniua
771 2070 833 2138 per
847 2062 946 2138 parte
961 2052 1050 2119 della
1062 2070 1141 2121 casa
1153 2064 1236 2133 eto,
1251 2063 1287 2122 et
1298 2054 1436 2138 quando
1452 2087 1458 2104 ·

201 2166 381 2246 amadati,
400 2185 470 2231 noo
485 2164 515 2232 si
531 2167 715 2233 manchera
730 2166 809 2235 dell’
827 2166 925 2234 offitii
942 2188 962 2233 a
977 2166 1037 2235 noi
1055 2166 1208 2255 possibili
1223 2180 1248 2236 ⁸.

272 2279 373 2349 Circa
393 2279 418 2345 il
440 2283 480 2348 P.
505 2282 609 2349 Mtro.
631 2281 869 2373 Salmero[ne]‚
899 2304 936 2351 se
964 2282 1008 2350 N.
1042 2284 1081 2351 P.
1110 2284 1243 2352 muterd
1268 2282 1290 2349 l'
1316 2284 1435 2353 ordine

202 2396 299 2475 dato,
318 2396 509 2463 auisaremo
523 2397 556 2463 le
578 2398 651 2465 RR.
669 2397 748 2465 VV.

272 2512 322 2579 La
337 2511 466 2598 moglie
481 2512 516 2578 di
532 2514 635 2583 Mtro.
653 2512 780 2582 Nicolb
796 2516 809 2548 ³
826 2536 896 2581 non
913 2514 933 2583 ἑ
949 2512 1213 2583 inconueniente
1228 2516 1296 2584 che
1311 2514 1339 2582 si
1354 2526 1433 2583 trat·

203 2637 322 2713 tanga,
339 2626 468 2713 perche
484 2628 596 2694 anche
612 2626 636 2693 il
651 2649 716 2695 suo
730 2628 854 2696 marito
865 2650 935 2695 non
948 2631 993 2696 ha
1005 2632 1091 2697 fatto
1104 2630 1216 2717 quelle
1228 2629 1431 2717 obligationi

203 2744 270 2810 che
287 2764 346 2828 per
361 2743 394 2808 la
410 2741 538 2810 sicurtd
555 2742 588 2810 di
605 2742 649 2810 lei
665 2744 694 2810 si
710 2744 899 2811 ricercano.

270 2860 316 2926 Se
344 2878 412 2923 non
440 2856 591 2944 dispiace
618 2855 642 2924 il
670 2859 916 2946 Despauterio,
947 2861 1023 2928 serd
1051 2862 1140 2930 bene
1167 2862 1370 2930 continuare
1398 2860 1432 2927 in

203 2973 330 3057 quello.

270 3088 336 3156 Del
352 3088 499 3176 negocio
514 3090 549 3155 di
564 3111 667 3156 suora
682 3088 697 3129 ¹³
713 3092 850 3178 Angela
865 3068 891 3171 ⁴⁰,
906 3092 1068 3159 hauendo
1085 3094 1215 3159 hauuto
1229 3092 1366 3160 licentia
1377 3094 1434 3162 del

257 3290 271 3318 ⁸
307 3274 449 3347 possibile
462 3292 516 3331 ms.
561 3278 611 3319 -b
633 3292 722 3331 suoro
736 3294 790 3331 ms.

261 3449 268 3479 ¹
305 3446 351 3500 ux
362 3444 465 3501 codice
479 3446 599 3518 Regest.
614 3446 657 3511 tt,
671 3446 723 3506 iol.
736 3444 796 3516 73ῐΙ

257 3535 269 3569 ⁸
304 3535 388 3591 Haec
400 3537 438 3591 ab
450 3535 516 3592 allis
531 3535 643 3592 Pellota
656 3536 807 3608 scribitur,
829 3539 868 3592 sb
890 3537 958 3593 aliis
976 3538 1101 3597 Bellots.
1124 3539 1171 3595 De
1192 3556 1228 3596 ea
1249 3540 1433 3611 PotarlcUS,

205 3623 329 3691 caron,
345 3624 398 3695 IV,
415 3636 476 3693 175,
487 3625 639 3696 explicans
652 3625 731 3680 illius
744 3627 901 3682 consilium
912 3625 1033 3699 petendi
1044 3628 1175 3683 Romanu
1185 3628 1337 3685 ‹rMatrons
1345 3646 1434 3703 quae·

202 3712 270 3768 dam
284 3712 404 3769 nomine
416 3712 530 3769 Pellota
543 3712 674 3785 Spinola,
687 3730 763 3785 quae
776 3715 846 3769 olim
860 3714 999 3787 primario
1010 3714 1127 3773 cuidam
1140 3733 1175 3772 ac
1189 3716 1281 3773 nobili
1299 3718 1363 3773 viro
1375 3718 1434 3775 Ge-

205 3802 313 3858 nuensi
325 3801 483 3873 conjuncta
501 3800 609 3870 luerat,
627 3818 663 3857 eo
680 3810 807 3875 mortuo,
821 3820 860 3859 ex
872 3820 932 3878 quo
944 3802 1036 3859 filium
1047 3804 1206 3861 Dominum
1219 3805 1434 3879 Hieronymum

201 3890 336 3961 Spinola,
353 3892 450 3947 virum
471 3889 654 3962 spiritualem
677 3908 711 3947 ac
730 3892 849 3963 bonum,
868 3901 1051 3965 susceperat,
1071 3893 1204 3950 habiturn
1223 3895 1304 3951 tertii
1323 3894 1434 3951 ordinis

202 3978 260 4039 sti.
275 3978 425 4035 Francisci
436 3996 601 4050 assumam,
616 3988 683 4051 post
696 3981 803 4037 multas
820 3982 1040 4055 eleemosynas,
1052 4000 1126 4055 quas
1143 3982 1278 4055 Collegio
1295 3984 1434 4057 Neapoli-

202 4076 273 4123 tano
285 4067 416 4137 dederat,
431 4066 621 4123 donationem
634 4068 862 4143 quingentorum
875 4070 973 4127 eidem
989 4070 1113 4143 faciens,
1127 4071 1246 4128 domum
1264 4089 1347 4127 suam
1366 4074 1433 4131 reli·

200 4156 276 4230 qnlt,
290 4166 321 4213 et
333 4165 531 4224 senectutem,
544 4174 632 4230 quarn
643 4167 759 4229 poterat
767 4157 848 4214 domi
858 4176 929 4216 suae
939 4160 1094 4217 commode
1109 4178 1144 4217 ac
1154 4160 1255 4234 quiete
1266 4162 1432 4233 traducere,

202 4245 307 4302 maluit
317 4255 402 4301 extra
415 4245 580 4317 Neapolim,
595 4248 646 4302 ubi
660 4248 823 4319 habitabat,
837 4258 1010 4321 paupertate
1023 4258 1054 4305 et
1067 4250 1233 4306 humilitate
1249 4250 1360 4307 Romae
1378 4261 1434 4308 ua·

201 4333 322 4402 ducere,
335 4334 398 4404 ubi,
411 4350 480 4389 cum
493 4334 606 4406 reliqua
620 4336 707 4403 bona,
719 4352 796 4409 quae
808 4336 939 4391 habebat
952 4346 983 4393 et
994 4335 1066 4393 dare
1079 4344 1204 4410 poterat,
1223 4337 1367 4395 Societati
1384 4339 1435 4395 de·

201 4422 306 4496 disset,
320 4432 387 4497 post
400 4424 512 4496 aliquot
524 4440 617 4479 annos
630 4440 668 4478 ex
681 4426 736 4480 hac
749 4425 811 4481 vita
824 4425 963 4496 migravit
977 4442 1083 4497 magna
1097 4443 1168 4482 suae
1182 4428 1302 4483 virtutis
1320 4445 1354 4483 ac
1370 4444 1435 4501 per·

201 4512 341 4570 fectionis
354 4512 532 4569 documenta
544 4512 743 4585 relinquens.»

256 4602 268 4635 ³
305 4602 351 4657 De
363 4601 410 4657 his
423 4616 512 4673 supra
524 4599 651 4671 egimus,
664 4602 791 4675 epistola
802 4602 884 4673 4232.

255 4693 268 4726 ⁴
305 4689 383 4747 Vide
394 4687 528 4746 eamdem
540 4688 696 4762 epistolam
709 4690 791 4761 42³²·
