3567 5409
527 488 630 543 Esus.
650 484 992 557 3965.-9Ducuusn1s
1013 486 1082 557 1553
1348 500 1382 557 25

196 622 350 693 muestra,
369 612 483 681 buena
499 612 678 694 uoluntad‚
695 634 718 698 y
735 614 867 681 dsuese·
878 613 923 680 de
937 613 1069 699 ayudar
1084 634 1129 682 eu
1144 613 1177 681 sl
1193 614 1226 682 el
1242 635 1337 681 amor
1349 634 1416 683 eon

194 730 222 795 ¹el
238 740 347 795 temor
363 734 384 794 ό
405 740 576 815 respecto·

255 845 452 931 Inscriptio.
472 846 542 911 Por
557 846 589 913 el
606 844 727 911 mismo
741 843 859 931 [Mtro.
878 844 1105 934 Hierbnimol.

362 1070 369 1079 ·
752 1024 856 1107 ³965

291 1160 432 1227 PATRI
457 1158 713 1227 EVERARDO
738 1157 1054 1235 MERCURIANO¹
1075 1159 1138 1229 EX
1163 1160 1315 1228 COMM.

590 1294 678 1337 nous
691 1298 709 1352 9
722 1294 901 1339 uscsuutus
918 1281 986 1350 1553
998 1285 1018 1338 ¹.

193 1418 257 1473 Sese
277 1422 401 1473 excusat
421 1418 500 1489 quud
520 1418 704 1493 sacerdotem
722 1433 737 1471 e
755 1418 867 1471 uostris
885 1418 1004 1472 mittero
1021 1434 1082 1473 nun
1095 1417 1419 1491 possit.-Aversanus

237 1508 287 1579 pis
300 1507 518 1565 decessit-De
533 1506 692 1562 Societatis
704 1506 1129 1561 candidatu—Dosardinali
1139 1506 1421 1579 perusina-Journ-

240 1614 292 1651 nes
305 1597 405 1671 Niger
414 1599 455 1652 act
468 1594 647 1652 clericorum
657 1596 860 1651 seminarium
870 1596 1293 1667 destinandus.-D0J0anne
1304 1596 1420 1656 utet.-

242 1686 369 1742 Sodales
381 1703 440 1741 nun
456 1686 539 1741 ultra
551 1683 632 1740 viras
644 1685 841 1739 ommi.-
847 1684 891 1740 De
901 1685 1063 1756 spirituali
1073 1686 1225 1755 juvenum
1238 1686 1419 1742 clericorum

238 1776 587 1853 gubernationes-Post
599 1776 758 1847 scriptum.
781 1774 867 1829 Violu
879 1779 1032 1847 aegrotat.

767 1918 849 2041 Ibis

257 2127 367 2212 Copie
392 2126 436 2195 de
459 2126 581 2193 lettere
601 2148 661 2212 per
685 2125 813 2206 Sicilia,
837 2099 949 2207 italia,
973 2126 1136 2207 Fiandra,
1160 2129 1308 2208 Franza,
1332 2129 1418 2197 Ale·

190 2262 331 2329 magna.

258 2361 329 2425 Pax
346 2357 487 2424 Christi.

256 2474 297 2541 L'
314 2473 433 2541 ultime
449 2475 492 2539 de
509 2474 553 2541 V.
573 2474 614 2539 R.
632 2493 718 2539 sono
733 2474 777 2541 de
794 2492 814 2556 3
830 2472 886 2538 del
903 2485 1074 2558 presente.
1100 2476 1166 2540 Per
1182 2475 1286 2558 quell'
1304 2474 1418 2541 inten·

187 2588 303 2655 diamo
326 2589 381 2670 del
406 2610 570 2675 processo
590 2588 670 2655 delli
692 2588 797 2655 studii
822 2600 857 2655 et
878 2588 994 2655 buona
1016 2588 1239 2674 dispositione
1254 2609 1314 2675 per
1338 2588 1419 2659 farsi

189 2705 298 2771 fruito
315 2703 516 2771 trouandoci
534 2726 679 2791 persona
694 2715 766 2771 atta
781 2727 801 2772 a
818 2702 1007 2790 predicare,
1025 2715 1060 2770 et
1075 2705 1185 2771 anche
1206 2706 1352 2790 qualche
1367 2726 1420 2771 sa·

187 2820 330 2889 cerdote
345 2820 389 2887 de
400 2820 471 2907 piu.
488 2821 613 2889 Nostro
628 2821 739 2887 Padre
756 2820 899 2887 haueria
914 2841 934 2886 a
947 2840 1028 2887 caro
1041 2830 1138 2906 poter
1150 2820 1278 2905 suplire
1294 2833 1329 2889 et
1341 2842 1421 2907 pro-

188 2936 318 3005 uedere
333 2946 464 3020 quanto
478 2935 508 3002 si
523 2936 709 3015 domanda,
727 2956 783 3002 ma
799 2956 867 3001 non
885 2936 905 3001 ὁ
921 2933 1085 3021 possibile
1101 2958 1161 3021 per
1183 2938 1320 3018 adesso;
1344 2958 1420 3023 per·

187 3051 266 3131 chi,
286 3052 376 3117 oltra
390 3050 423 3117 la
438 3050 608 3118 charestia
623 3052 668 3119 de
682 3050 867 3129 sacerdoti,
885 3053 951 3118 che
967 3072 1037 3117 non
1053 3050 1150 3118 siano
1162 3052 1322 3137 occupati
1338 3053 1419 3121 nelli

185 3166 308 3249 studii,
325 3167 429 3235 etiam
445 3164 480 3232 di
497 3164 601 3251 quelli
617 3168 683 3234 che
699 3164 883 3233 habbiamo
899 3166 928 3231 si
944 3168 1113 3247 amalano,
1130 3177 1167 3235 et
1182 3166 1297 3233 alcuni
1316 3167 1419 3236 etiam

186 3282 323 3349 chiama
339 3282 433 3349 Iddio
445 3281 481 3348 di
494 3291 617 3368 questo
633 3282 774 3364 mondo,
788 3302 889 3347 como
902 3281 1138 3351 ultimamente
1154 3302 1174 3349 a
1190 3282 1365 3350 chiamato
1375 3281 1378 3287 ’
1388 3284 1420 3349 al

190 3400 230 3465 P.
251 3398 356 3465 Mtro,
374 3398 521 3465 Cessare
532 3398 558 3476 ¹,
577 3397 741 3463 mandato
758 3407 883 3463 rettore
905 3396 940 3463 in
958 3396 1118 3465 Modena.
1138 3398 1182 3465 V.
1202 3400 1244 3465 R.
1262 3399 1296 3465 lo
1312 3398 1420 3465 faceia

187 3514 436 3581 raccomandar
455 3534 475 3579 a
499 3512 607 3593 iddio,
630 3522 665 3581 et
685 3516 754 3579 non
777 3512 884 3579 faccia
904 3524 1009 3579 conto
1028 3513 1063 3579 d'
1085 3514 1173 3580 altro
1193 3514 1340 3601 aggiuto
1359 3536 1421 3600 per

187 3628 324 3695 adesso.

258 3744 325 3811 Del
346 3755 519 3813 accettare
539 3745 618 3830 quel
640 3743 789 3831 giouane
804 3744 862 3832 gii
884 3746 921 3813 fu
937 3744 1084 3832 risposto
1099 3749 1164 3813 che
1185 3746 1229 3813 V.
1249 3747 1290 3813 R.
1306 3747 1318 3779 ⁵
1334 3744 1420 3812 scri·
1487 3777 1491 3785 ·

187 3858 265 3926 nesi
281 3860 340 3945 piu
356 3860 446 3929 delle
461 3881 524 3929 sue
539 3873 648 3947 parte,
666 3858 909 3945 specialmente
925 3862 1013 3929 della
1034 3862 1261 3929 malenconia.

258 3976 304 4043 Al
325 3975 501 4042 cardinal·
519 3998 587 4042 non
604 3976 632 4041 si
649 3988 662 4017 ¹
678 3997 735 4044 era
756 3979 907 4043 anchora
928 3978 1059 4063 parlato
1079 3978 1135 4044 del
1157 3979 1357 4063 prouedere‚
1377 3978 1420 4047 nis

185 4112 315 4159 manco
331 4112 369 4158 se
385 4090 408 4157 li
424 4091 568 4178 parieti,
586 4092 759 4161 facendosi
773 4094 886 4177 quello
902 4094 969 4161 che
984 4094 1154 4160 conuiene
1170 4094 1205 4160 di
1220 4095 1268 4161 u.

257 4210 290 4277 A
315 4220 435 4276 nostro
461 4209 572 4276 Padre
594 4210 614 4275 ὁ
638 4230 737 4295 parso
761 4211 837 4289 che,
859 4221 1087 4296 quantunque
1108 4210 1160 4279 sia
1182 4210 1375 4281 necessario
1396 4212 1422 4278 il

241 4439 257 4467 ι
293 4422 390 4483 eima,

242 4624 251 4656 ¹
290 4622 782 4699 Excodiceuegest.1l‚fol.10r.
904 4628 916 4662 ²
951 4627 1062 4684 Caesar
1075 4629 1258 4690 Avemnus.

242 4714 255 4749 ‘
293 4712 423 4787 Epistola
436 4712 519 4785 3960.
906 4722 918 4753 ⁸
954 4718 1232 4781 FulviusCorneus.
