3567 5409
737 458 945 513 Monunenrn
965 458 1143 513 lonnrrnnn

385 689 389 699 ’
488 736 628 802 enno
652 612 1123 805 rnnncrschffhnmo
1148 738 1209 803 ex
1233 737 1386 804 conn.
1425 704 1427 707 ’

736 862 824 906 noun
842 862 860 919 7
879 862 1003 908 nonius
1024 863 1092 920 ¹554
1112 852 1132 910 ¹.

321 976 456 1049 Acceptis
475 977 586 1032 litteris
604 976 860 1049 respondet-De
878 976 1038 1031 retinenda
1059 978 1157 1043 domo,
1181 994 1273 1048 quam
1295 978 1467 1033 inhabitant
1486 994 1557 1033 erm

375 1066 486 1139 templo
499 1068 558 1126 Sti.
573 1064 829 1122 Andreae-Cur
840 1067 962 1121 litterae
979 1066 1070 1121 Leoni
1086 1072 1114 1122 ct
1132 1066 1245 1122 Achilli
1258 1066 1349 1122 dolie
1366 1084 1426 1122 nou
1443 1068 1557 1125 sint.-

380 1156 558 1227 DeJorrmre
571 1156 744 1214 Francirco.

369 1326 374 1333 ·
392 1306 465 1399 βαι
481 1299 623 1368 Christi.

391 1416 624 1485 Riceuessimo
639 1416 751 1501 quelle
766 1414 802 1480 di
818 1434 873 1497 30,
896 1426 929 1481 et
951 1414 1093 1483 insieme
1114 1436 1182 1481 vna
1202 1417 1323 1485 lettera
1344 1416 1399 1483 del
1421 1419 1464 1484 P.
1488 1418 1552 1483 Dr.

325 1535 449 1614 Olaue3
472 1553 537 1618 pur
557 1552 626 1597 non
647 1530 748 1598 viene
767 1530 887 1598 ordine
907 1531 1030 1597 alcuno
1050 1533 1114 1597 che
1130 1531 1311 1597 debbiamo
1328 1542 1424 1606 tener
1440 1530 1476 1597 in
1495 1554 1559 1618 pa-

322 1672 385 1739 gar
401 1650 424 1715 li
439 1647 556 1716 denari
572 1646 659 1713 dati.
682 1647 726 1712 V.
747 1647 785 1713 R.
806 1646 891 1712 auisi
909 1668 946 1713 se
963 1648 1040 1713 vole
1056 1649 1123 1715 che
1143 1646 1166 1712 li
1187 1647 1300 1713 diamo
1319 1668 1399 1732 qua,
1423 1669 1445 1714 ο
1468 1669 1557 1715 uero

323 1790 361 1835 se
385 1766 408 1832 li
431 1766 516 1832 vuol
538 1762 662 1850 pigliar
683 1763 718 1828 di
740 1763 771 1828 li
793 1784 813 1829 e
833 1763 1063 1832 rimettermeli
1084 1786 1105 1829 a
1125 1784 1233 1850 pagar
1253 1786 1273 1829 a
1295 1786 1350 1831 me
1370 1764 1405 1831 in
1430 1766 1557 1831 Roma.

323 1885 351 1951 F
352 1883 537 1950 inalmente
553 1882 596 1947 V.
613 1882 653 1946 R.
672 1878 759 1946 auisi
776 1899 873 1945 come
889 1881 945 1945 vol
962 1879 1074 1946 chesi
1091 1879 1212 1961 faccia,
1230 1892 1265 1949 et
1282 1892 1379 1947 tanto
1395 1878 1485 1948 faro.

391 2000 458 2066 Del
478 1996 627 2085 ritenere
648 1997 682 2061 la
702 2016 781 2061 casa
801 1994 856 2061 ch'
877 1994 1063 2063 habbitano
1084 1997 1117 2061 al
1141 2006 1299 2082 presente
1322 1995 1465 2064 insieme
1491 2016 1562 2061 con

325 2114 347 2179 l'
368 2114 453 2179 altra
473 2111 591 2179 chiesa
611 2112 654 2177 de
673 2122 774 2176 santo
795 2112 949 2193 Andrea,
968 2133 1048 2197 pare
1064 2111 1152 2177 bene
1168 2132 1189 2177 a
1204 2113 1248 2178 N.
1268 2114 1324 2191 P.,
1342 2112 1479 2179 almeno
1498 2132 1563 2197 per

324 2232 347 2297 il
364 2229 540 2316 principio:
559 2225 661 2312 dopoi
677 2225 706 2292 si
727 2226 851 2293 vedere
872 2226 988 2311 quello
1011 2229 1075 2295 che
1096 2226 1172 2293 sari
1194 2226 1253 2313 piir
1274 2227 1452 2313 spediente
1472 2240 1499 2309 ²,
1523 2240 1564 2299 et

325 2366 395 2412 non
413 2344 442 2411 si
458 2342 618 2410 mancare
636 2341 669 2408 di
686 2341 858 2408 sollicitar’
875 2365 896 2409 a
913 2343 1112 2430 monsignor
1127 2342 1247 2430 Giglio
1262 2344 1287 2408 ¹.

394 2462 472 2527 Non
483 2458 658 2545 sappiamo
670 2462 734 2525 che
745 2456 842 2526 siano
853 2458 993 2526 arriuati
1005 2459 1073 2525 don
1087 2460 1201 2527 Leone
1213 2471 1248 2528 et
1261 2461 1364 2529 Mtro.
1379 2459 1517 2528 Achille
1529 2460 1560 2528 ⁸.

329 2581 394 2645 Per
411 2588 533 2664 questo
551 2595 621 2642 non
638 2596 676 2643 se
692 2574 714 2638 li
730 2576 750 2641 ὲ
766 2576 846 2642 data
862 2596 925 2641 sua
941 2574 1073 2641 lettera.

395 2692 495 2759 Circa
512 2680 613 2758 Mtro'.
631 2693 686 2777 Jo.
710 2692 905 2757 Francesco
926 2692 938 2722 ⁴
960 2712 1161 2775 parmesano
1180 2702 1214 2757 et
1234 2690 1258 2756 il
1278 2711 1342 2757 suo
1364 2690 1559 2759 sacerdotio

327 2830 431 2876 senza
448 2808 543 2875 farne
558 2819 662 2873 conto
678 2808 720 2872 de
736 2806 841 2873 studii
858 2805 991 2872 fundati
1007 2808 1050 2873 de
1065 2806 1128 2873 arti
1145 2819 1180 2873 et
1196 2807 1380 2894 theologia,
1400 2808 1447 2875 N.
1466 2809 1506 2874 Ρ.
1528 2805 1558 2873 si

228 2993 230 2996 ,
328 2924 462 2991 rimette
478 2923 509 2987 al
527 2943 645 3007 parere
661 2923 704 2987 de
725 2921 769 2988 V.
793 2922 834 2987 R.
858 2940 923 2986 con
945 2932 1066 3008 questa
1087 2921 1293 2989 conditione:
1316 2925 1381 2991 che
1402 2944 1480 2990 esso
1499 2924 1560 3010 Jo.

328 3032 519 3106 Francesco
539 3036 568 3103 si
590 3036 741 3103 contenti
760 3048 854 3102 tanto
870 3038 926 3103 del
944 3036 1022 3102 sarsi
1040 3038 1230 3117 sacerdote,
1248 3048 1377 3121 quanto
1393 3040 1438 3106 de
1454 3040 1562 3105 lassat

329 3155 352 3219 li
367 3154 444 3221 altri
460 3152 576 3220 studii.

395 3272 473 3337 Non
490 3269 565 3336 dirh
581 3289 641 3354 per
657 3284 777 3354 questa
793 3269 890 3348 altro,
911 3267 1125 3333 trouandomi
1142 3268 1417 3352 occupatissimo,
1436 3292 1474 3338 se
1491 3290 1562 3335 non

329 3390 394 3454 che
414 3387 470 3453 all'
492 3384 636 3451 orationi
660 3384 694 3451 di
716 3387 760 3468 V.
784 3386 825 3451 R.
848 3394 881 3451 et
907 3383 987 3449 tutti
1010 3383 1117 3449 nostri
1142 3384 1263 3451 fratelli
1289 3386 1394 3451 molto
1418 3385 1464 3451 mi
1489 3406 1562 3451 rac·

330 3503 510 3569 comendo.

395 3619 440 3685 Di
457 3621 565 3686 Roma
581 3636 601 3701 7
618 3618 652 3684 d'
670 3617 791 3702 Aprile
812 3625 907 3699 1554.

398 3736 594 3820 Inscriptio.
622 3735 788 3817 Bologna.

333 3878 523 3888 .-..-...—-—-—

384 3968 397 3994 ι
433 3949 594 4022 ispidiente
606 3966 662 4003 ms.

332 4076 530 4085 ———-—-.-

384 4148 392 4181 ¹
433 4149 475 4201 Ex
488 4146 591 4201 codice
605 4146 723 4217 Regem.
739 4144 780 4210 11,
795 4144 845 4202 iol.
860 4145 926 4214 84v.

384 4240 395 4270 ²
431 4237 560 4291 Thomas
574 4234 677 4294 Lilins.

385 4328 396 4357 ²
435 4327 480 4380 De
491 4325 538 4379 his
552 4324 609 4397 piis
622 4322 825 4379 sacerdotibus
837 4323 900 4394 agit
914 4322 1095 4391 PotnncuS,
1112 4320 1235 4388 chron„
1256 4321 1306 4391 tv,
1324 4329 1419 4377 noct
1433 4332 1496 4379 ιη.

381 4418 395 4452 ⁴
428 4416 558 4485 Joannes
572 4413 745 4469 Franciscus
758 4414 924 4470 Brnnellus.
942 4412 1037 4483 Epist.
1052 4410 1178 4477 Mixtus,
1192 4408 1321 4481 1v,383.
