3567 5409
421 482 475 552 426
690 544 697 556 ,
797 480 1004 538 llonuaanna
1029 482 1205 537 lanariam

373 694 376 701 .
454 636 524 703 ΑΠ’
543 633 688 701 orationi
712 634 747 700 di
768 634 848 701 tutti
868 636 936 703 dua
961 636 1067 701 molto
1088 635 1120 702 ci
1140 632 1448 702 raccomandiamo.
1466 630 1522 701 Sia
1536 652 1593 699 con

387 750 446 819 noi
457 752 541 839 Jesu
557 753 622 819 X.⁰

453 870 508 935 De
523 870 633 935 Roma
650 882 668 951 5
686 868 730 936 de
746 870 864 935 Marzo
883 882 980 951 1554.

453 983 479 1049 ll
496 984 629 1053 fratello
646 983 800 1053 Antonio
816 993 943 1050 mostra
959 987 1036 1063 che,
1054 987 1082 1051 ε’
1101 982 1238 1051 andassi
1254 983 1287 1049 la
1304 982 1432 1083 matina
1445 1004 1465 1047 a
1476 995 1596 1050 cercart

387 1099 466 1180 olio,
485 1100 593 1185 potria
616 1100 701 1167 farlo
720 1116 824 1165 senza
844 1120 1003 1167 mancare
1022 1099 1088 1167 alle
1104 1119 1184 1165 cose
1201 1096 1393 1167 necessarie
1414 1098 1449 1163 in
1466 1119 1553 1177 casa,
1568 1118 1604 1166 ee

387 1236 453 1281 con
469 1214 640 1281 comodita
656 1214 690 1281 di
707 1215 820 1299 quelle
832 1216 898 1281 che
911 1214 1127 1296 carcarebbe3
1142 1215 1290 1283 essendo
1305 1214 1391 1293 cosi,
1410 1234 1479 1279 non
1491 1213 1603 1280 dubito

387 1332 452 1397 che
464 1331 508 1397 V.
528 1332 569 1397 R.
585 1334 663 1396 sara
677 1342 840 1397 contento
856 1330 891 1396 in
908 1328 1102 1397 euidentem
1116 1330 1310 1409 utilitatem,
1328 1340 1396 1395 etc.
1414 1328 1453 1397 S'
1467 1330 1603 1397 accade-

372 1447 425 1510 ‘ra
440 1447 506 1513 che
525 1466 591 1511 con
611 1447 633 1510 l'
651 1446 719 1513 olio
739 1468 761 1511 0
777 1466 837 1531 per
859 1446 945 1512 altra
967 1466 1073 1511 causa
1088 1446 1123 1510 d'
1146 1446 1269 1512 alcuno
1294 1455 1467 1513 momento
1489 1444 1606 1511 habbia

388 1556 536 1647 bisogno
556 1562 600 1630 de
622 1562 738 1629 venire
757 1584 778 1628 a
799 1563 920 1642 Roma,
940 1562 978 1627 V.
991 1563 1042 1628 .R.
1066 1562 1099 1627 lo
1120 1565 1217 1648 patra
1234 1562 1387 1641 lasciare,
1411 1581 1449 1627 se
1465 1562 1494 1627 la
1510 1580 1606 1626 eausa

388 1672 567 1761 giudieard
583 1675 662 1744 tale.

455 1791 653 1877 Inscriptio.
672 1793 705 1858 A
718 1790 843 1858 Tiuoli.

648 2095 790 2162 PATRI
814 1973 1357 2164 Nicoli235ssossnnlttnss

817 2224 905 2265 noua
926 2226 941 2281 5
961 2224 1071 2266 naam
1095 2224 1163 2281 ¹554
1179 2214 1198 2270 ¹.

387 2355 522 2425 Acceptis
534 2354 648 2409 littaris
661 2313 898 2410 describit-Da
913 2356 1046 2409 lusitano
1061 2354 1127 2409 viro
1144 2355 1207 2425 qni,
1225 2354 1343 2411 haeresi
1359 2354 1518 2425 abjurata,
1530 2354 1611 2411 eccle·

438 2442 503 2498 siae
521 2442 684 2497 catholicae
702 2443 899 2498 reconciliari
917 2446 1013 2514 cupit.
1028 2444 1102 2499 -Da
1124 2444 1211 2498 libris
1229 2444 1402 2499 haereticis.
1416 2474 1431 2483 -
1444 2442 1611 2499 Deductm

442 2532 553 2588 Gomez
569 2532 648 2587 -De
666 2532 827 2588 Ttaddaeo
838 2537 866 2587 at
873 2532 998 2603 joanne
1010 2533 1154 2589 Antonio.
1184 2577 1189 2585 .

456 2677 527 2742 Pax
545 2674 601 2743 X}

454 2792 586 2859 Hemos
603 2791 773 2858 resciuido
788 2792 851 2860 dos
866 2794 969 2860 letras
985 2795 1029 2861 de
1045 2795 1090 2863 V.
1109 2795 1165 2873 R,
1186 2815 1254 2860 una
1268 2794 1313 2862 de
1337 2794 1376 2859 16
1397 2792 1451 2861 del
1475 2792 1610 2877 pasado,

389 2929 459 2992 que
476 2908 561 2993 trajo
577 2909 610 2973 el
626 2913 829 2995 portugues,
851 2930 875 2994 y
896 2919 970 2975 otra
990 2911 1034 2976 de
1056 2928 1099 2993 24
1120 2910 1175 2977 del
1197 2930 1339 2989 mesm0,
1362 2929 1429 2993 que
1450 2928 1531 2994 ayer
1553 2907 1612 2972 do·

390 3022 507 3109 mingo
524 3022 735 3090 resciuimos.
1072 3104 1077 3111 ¹

454 3140 596 3223 Quanto
613 3140 644 3205 al
657 3140 821 3225 portador
831 3141 875 3208 de
887 3140 919 3205 la
932 3140 1091 3225 primera,
1105 3141 1137 3207 el
1151 3142 1208 3207 fue
1222 3139 1390 3209 resciuido
1402 3160 1501 3206 como
1514 3141 1614 3205 hues-

386 3254 455 3339 ped
471 3260 496 3334 ²,
514 3276 537 3339 y
553 3276 591 3323 se
606 3256 638 3321 le
654 3254 711 3321 did
730 3276 798 3321 uno
813 3256 857 3334 de
872 3276 954 3323 casa
970 3278 1038 3340 que
1060 3256 1164 3343 luego
1184 3259 1216 3325 le
1239 3255 1316 3323 hizo
1336 3256 1456 3323 hablar
1476 3276 1541 3322 eon
1565 3255 1613 3320 los

388 3370 587 3437 cardenales
602 3376 623 3435 a
639 3369 782 3454 quienes
803 3371 939 3438 lleuaua
960 3372 1076 3449 letina,
1099 3394 1121 3457 y
1137 3392 1182 3457 yo
1198 3374 1229 3437 le
1245 3370 1321 3439 hize
1338 3372 1369 3437 la
1384 3369 1610 3457 supplicatidn

388 3507 469 3573 para
487 3486 519 3551 la
534 3484 797 3572 congregatidn,
815 3508 838 3573 y
855 3488 885 3554 le
903 3490 1021 3554 hemos
1033 3487 1320 3555 encomendadoa
1334 3486 1396 3553 frai
1410 3484 1540 3572 Miguel
1553 3487 1578 3565 ⁵3
1593 3506 1613 3569 y

387 3660 492 3716 cardos
505 3669 536 3716 et
548 3679 650 3733 parum
663 3662 798 3718 eruditus
810 3672 885 3733 erat,
900 3664 1007 3719 missus
1021 3663 1077 3718 tuit
1088 3663 1192 3735 Tybur
1202 3670 1234 3719 ut
1248 3662 1280 3718 P.
1294 3662 1481 3717 Desiderium
1494 3662 1525 3717 in
1535 3663 1614 3717 acho·

389 3750 426 3807 lis
436 3750 564 3821 juvaret,
579 3760 613 3807 ut
626 3752 667 3807 ita
680 3751 842 3820 periculum
854 3751 939 3809 fieret
952 3770 989 3808 an
1003 3751 1039 3808 ad
1053 3752 1233 3809 Societatem
1252 3752 1376 3807 idoneus
1396 3750 1513 3807 futurus
1525 3760 1614 3816 essen

389 3840 440 3895 ille
453 3855 524 3894 vero
534 3856 602 3895 cum
614 3839 783 3913 aliquandiu
797 3841 971 3913 diligentem
985 3859 1103 3914 operam
1119 3844 1216 3915 pueris
1230 3850 1380 3907 navasset,
1400 3852 1470 3895 vota
1489 3840 1615 3896 Societa-

389 3930 428 3985 tis
441 3938 547 4002 sponte
560 3947 612 3985 suu
626 3930 734 4000 emisit,
750 3941 781 3987 et
794 3931 835 3987 ita
847 3940 981 3989 retentus
996 3932 1105 3987 ibidem
1117 3935 1223 3987 multos
1233 3949 1335 4005 annos,
1351 3932 1416 3987 Deo
1430 3932 1460 3987 in
1470 3930 1616 3987 Societate

389 4020 511 4091 Tybure
524 4020 691 4092 inservivit3
705 4030 816 4076 etcum
828 4022 939 4093 optima
951 4021 1157 4078 aedificatione
1167 4022 1246 4077 domi
1257 4031 1288 4077 et
1300 4020 1371 4078 forle
1384 4038 1417 4077 ae
1427 4021 1549 4093 gessit».
1562 4018 1617 4075 Ρο-

390 4121 525 4180 annena,
542 4108 667 4175 caron„
681 4110 732 4181 IV,
747 4124 781 4166 22
794 4120 825 4166 et
838 4110 882 4168 23.

443 4252 451 4285 ¹
489 4254 534 4307 Ex
546 4253 648 4308 codice
662 4255 781 4327 Rogati.
796 4254 837 4322 11,
853 4254 904 4311 iol.
917 4256 983 4314 ὁόν.

442 4346 453 4376 ’
491 4342 561 4398 Erat
573 4344 621 4398 hic
635 4343 680 4398 vir
692 4344 811 4399 natione
827 4343 983 4409 lusitanus,
1001 4361 1018 4398 a
1036 4344 1189 4399 Bobadilla
1205 4342 1327 4398 Romam
1348 4343 1465 4413 missus,
1485 4342 1536 4415 qui
1553 4358 1617 4397 cum

389 4448 427 4485 ex
445 4430 641 4502 pessimorum
658 4433 798 4488 librorum
816 4432 942 4488 lectione
962 4432 1050 4487 fidem
1068 4432 1242 4489 catholicam
1261 4432 1434 4505 abjecisset,
1453 4432 1617 4487 «Ecclesiae

389 4520 571 4575 reconciliari
584 4520 753 4592 cupiebat».
769 4522 951 4591 PonattctJS,
969 4522 1094 4589 Chaon„
1104 4522 1157 4588 IV,
1174 4534 1234 4593 142.

443 4608 455 4641 ⁸
492 4608 540 4667 Fr.
565 4610 688 4665 Michael
711 4610 890 4674 Ghislerius,
911 4610 948 4669 Ο.
973 4611 1019 4679 Ρ.,
1041 4612 1092 4683 qui
1116 4610 1255 4666 «Romam
1278 4620 1383 4681 petens
1406 4625 1483 4665 anno
1502 4622 1616 4679 '1551,a

390 4698 503 4768 Joanne
527 4698 614 4753 Petro
633 4698 753 4755 Cartala
772 4699 931 4755 Cardinale
952 4701 1158 4772 Neapolitano,
1178 4700 1255 4756 inter
1274 4700 1401 4755 Sanctae
1421 4698 1617 4771 Inquisitionis
