3567 5409
565 516 669 569 Errsr.
689 512 850 582 4305.-24
870 514 986 573 Mrnrrr
1006 526 1075 584 1554
1348 526 1398 583 521

208 689 260 733 ma
286 678 469 753 stampata,
499 668 624 734 mando
645 667 703 751 qui
723 667 846 735 alcune
866 667 985 752 copie,
1000 678 1035 735 et
1056 687 1094 735 se
1116 668 1282 755 uogliono
1303 668 1374 754 piri,
1398 690 1436 735 se

205 784 437 849 manderanno
454 794 584 867 quante
601 786 684 849 uori
701 784 744 849 V.
765 784 806 849 R.

271 900 320 965 La
335 900 458 967 lettera
477 921 538 984 per
554 898 576 963 ii
594 897 715 965 marito
730 899 773 964 de
790 898 895 964 Anna
913 898 1059 966 Salzedo
1076 898 1104 965 si
1120 900 1292 967 mandere.

270 1016 347 1081 Con
363 1018 467 1083 Mtro.
486 1014 628 1082 Nicoiao
645 1014 792 1082 Censale
808 1034 878 1081 non
895 1013 1113 1099 procediamo
1126 1016 1225 1097 oltra;
1241 1017 1284 1081 ha
1298 1037 1344 1081 un
1359 1037 1433 1083 cer-

205 1131 296 1197 uello
310 1130 449 1197 difficile
464 1132 509 1199 de
525 1129 730 1214 compatirse
747 1150 812 1195 con
829 1129 886 1194 chi
903 1146 971 1194 non
990 1132 1135 1197 hauesse
1152 1131 1271 1197 molt0.

270 1247 303 1312 A
335 1250 435 1313 Mtro.
466 1245 670 1314 Hieronimo
700 1244 842 1330 Spinola
866 1246 913 1310 ho
937 1224 1068 1329 pariato
1097 1245 1321 1314 offerendorni
1346 1248 1432 1313 mol-

203 1373 251 1439 to,
274 1372 356 1437 etc„
379 1374 415 1430 et
435 1384 456 1427 a
476 1384 540 1429 sua
560 1362 689 1439 madre,
713 1360 882 1426 madonna
906 1361 1048 1427 Bellota.
1069 1361 1128 1427 Lei
1145 1359 1173 1429 si
1191 1362 1349 1429 confessa
1366 1382 1432 1428 con
1482 1424 1488 1432 .

202 1475 226 1541 li
243 1477 344 1543 Padri
360 1477 440 1545 dell'
457 1476 577 1543 ordine
592 1497 656 1543 suo
672 1478 697 1556 ⁸3
722 1498 786 1562 pur
809 1496 846 1544 se
867 1475 914 1561 gli
937 1478 957 1542 e
977 1476 1097 1542 offerta
1119 1476 1202 1563 ogni
1224 1476 1431 1543 commoditri

202 1614 263 1677 per
279 1594 311 1657 le
326 1593 545 1672 confessioni,
564 1604 647 1671 etc.,
665 1604 701 1661 et
716 1613 850 1677 sempre
866 1614 904 1659 se
919 1591 968 1678 gli
985 1592 1115 1661 haderd
1131 1604 1294 1679 respetto.

268 1710 338 1776 ΑΠ’
355 1709 499 1775 orationi
516 1722 551 1775 et
567 1707 712 1775 sacrifici
729 1707 818 1775 santi
839 1706 873 1773 di
896 1708 938 1773 V.
965 1708 1004 1775 R.
1034 1709 1113 1775 tutti
1135 1710 1239 1775 molto
1259 1708 1290 1774 ci
1311 1728 1432 1775 racco-

201 1825 407 1893 mandiarrm.
550 1891 562 1913 J

268 1941 411 2026 Degnisi
424 1944 508 2029 Jesd
524 1940 589 2008 X.⁰
607 1940 690 2006 sarci
708 1921 870 2025 partecipi
886 1940 930 2007 de
946 1962 1008 2007 sua
1025 1952 1123 2006 santa
1140 1940 1377 2007 resurettione.

268 2058 321 2121 De
336 2058 445 2123 Roma
462 2076 505 2140 24
520 2058 563 2122 de
580 2060 696 2123 Marzo
718 2072 812 2139 1554.

267 2174 463 2257 Inscriptio.
483 2173 617 2259 Napoii.
637 2171 669 2236 A
685 2174 787 2239 Mtro.
807 2174 960 2241 Andrea.

275 2461 412 2527 PATRI
425 2462 599 2547 JOANNI
617 2337 885 2528 FRANCigiJi)
903 2460 1100 2528 ARALDO
1119 2460 1179 2525 EX
1197 2460 1349 2526 COMM.

608 2588 697 2631 noun
718 2589 752 2643 24
772 2587 881 2630 unnrrr
904 2586 972 2643 1554
994 2576 1012 2628 ¹.

195 2690 264 2744 Non
274 2691 385 2760 probat
396 2692 539 2764 Ignotius
552 2698 586 2747 ut
598 2694 640 2747 ad
650 2693 791 2763 privatas
804 2690 996 2756 seminarum
1010 2692 1106 2759 uerter,
1121 2690 1265 2746 exercitia
1282 2688 1428 2761 spiritua-

249 2780 294 2835 lia
307 2782 453 2835 tradendi
464 2799 567 2845 causa,
581 2799 611 2835 se
624 2780 777 2853 conferat:
789 2782 874 2852 quid,
892 2782 922 2835 si
935 2786 1050 2853 agatur
1068 2782 1104 2837 de
1121 2786 1265 2835 matrona
1276 2779 1425 2852 principe,

247 2870 446 2928 servandum.
456 2872 530 2926 —De
541 2871 595 2943 pia
612 2870 775 2925 sodalitate
781 2870 979 2942 feminarum
998 2870 1151 2926 caelestem
1170 2871 1279 2941 dapem
1294 2867 1427 2943 singulis

248 2958 400 3012 mensibus
412 2960 651 3032 suscipientium,

264 3096 336 3159 Pax
352 3093 409 3160 X}

164 3190 168 3199 ¹
259 3210 444 3277 Carissimo
464 3212 576 3277 Padre
592 3210 627 3276 in
646 3213 710 3278 X.⁰
728 3213 833 3277 Mtro.
853 3210 990 3277 Giouan
1010 3212 1214 3277 Francesco.

262 3326 406 3393 Parlaia
422 3328 464 3395 N.
480 3330 521 3393 Ρ.
538 3348 639 3413 sopra
653 3328 715 3393 dar
726 3325 774 3411 gl’
786 3325 952 3393 essercitii
965 3324 1133 3410 spirituali
1146 3324 1189 3391 ad
1202 3325 1323 3391 alcune
1336 3325 1421 3391 don·

191 3460 236 3506 ne
251 3440 287 3507 in
303 3462 382 3509 casa
397 3464 472 3523 sua,
490 3455 524 3511 et
541 3463 609 3507 non
626 3442 675 3529 gii
692 3464 804 3527 parse‚
822 3464 883 3527 per
901 3440 995 3507 molti
1013 3439 1156 3525 rispetti,
1171 3461 1209 3507 se
1225 3462 1293 3505 non
1312 3440 1420 3508 fosse·

190 3578 230 3622 ro
245 3558 368 3625 alcune
387 3580 467 3626 case
480 3560 524 3625 de
540 3579 687 3643 persone
703 3556 899 3644 principaii,
926 3570 960 3623 et
978 3558 1032 3622 all'
1050 3558 1135 3622 hora
1150 3556 1252 3623 etiam
1270 3556 1420 3623 tenendo

190 3673 236 3738 tal
253 3674 370 3753 mode,
388 3675 471 3753 che,
489 3673 519 3739 si
535 3671 614 3739 ben'
631 3694 701 3739 una
716 3674 790 3739 sola
805 3682 903 3739 sente
920 3673 951 3738 le
968 3673 1097 3756 parole,
1117 3692 1155 3739 se
1176 3670 1223 3756 gli
1240 3669 1365 3737 dicano
1381 3669 1416 3736 in

187 3788 360 3873 presentia
375 3786 456 3857 dell'
466 3790 564 3855 altre.
584 3789 739 3855 Facciasi
757 3788 873 3872 quello
883 3786 913 3854 si
926 3789 1023 3873 potrd
1037 3786 1127 3855 nella
1143 3786 1259 3853 chiesa
1275 3790 1416 3853 comun-

187 3913 316 3985 mente,
334 3914 368 3971 et
384 3903 413 3972 si
430 3906 559 3972 haueri
575 3904 733 3991 patienza
751 3923 810 3989 per
825 3903 942 3987 quello
958 3904 1025 3969 che
1041 3923 1111 3967 non
1133 3900 1162 3969 si
1180 3900 1290 3985 potii.

255 4021 306 4086 La·
319 4020 591 4107 congregatione
607 4021 695 4087 delle
707 4020 822 4087 donne
838 4041 898 4104 per
911 4017 1139 4084 comunicarsi
1152 4016 1234 4102 ogni
1248 4036 1341 4085 mese
1355 4018 1417 4085 be-

186 4135 308 4203 nedica
320 4135 416 4203 iddio
428 4137 471 4203 N.
487 4137 539 4213 S„
554 4148 589 4203 et
601 4135 744 4202 insieme
759 4136 814 4201 col
831 4156 937 4221 corpo
955 4144 989 4201 et
1003 4154 1137 4219 sangue
1156 4154 1219 4199 suo
1232 4132 1280 4217 gli
1293 4153 1414 4199 cornu-

184 4249 277 4317 nichi
294 4253 608 4320 abondantemente
624 4252 671 4338 gli
688 4252 763 4317 suoi
780 4251 861 4319 doni
878 4248 1047 4336 spirituaii
1064 4249 1089 4317 ¹.

237 4423 247 4452 ³
286 4420 362 4475 Vide
376 4419 531 4493 epistolam
544 4420 626 4490 4285.
696 4448 699 4455 ·

237 4557 245 4587 ’
285 4557 326 4611 Ex
339 4556 444 4613 codice
458 4558 576 4628 Regest.
591 4556 632 4620 II,
647 4554 699 4610 fol.
710 4566 770 4623 77r.

234 4650 245 4681 ¹
282 4647 329 4704 Ci.
354 4646 539 4715 ΡοιΑΝουε,
560 4645 686 4707 01ινοη,,
706 4644 760 4712 Ν,
778 4656 844 4711 174,
860 4642 911 4697 ubi
929 4642 966 4697 de
989 4644 1042 4696 hac
1061 4640 1235 4697 feminarum
1255 4637 1411 4694 sodalitate

181 4744 270 4809 atque
282 4735 320 4791 de
332 4735 389 4790 alia
402 4734 491 4790 simili
506 4734 632 4788 virorum
642 4733 675 4786 fit
688 4748 795 4789 sermo.
