3567 5409
575 506 680 563 Emer.
699 504 1000 576 4399.-26A1›nn1s
1021 520 1090 578 ¹554
1358 508 1412 581 ⁶³7

218 657 354 726 feruore
369 660 598 729 conueniente
612 661 659 727 mi
674 661 796 727 dubito
813 661 917 727 molto
937 682 1005 727 non
1028 662 1201 747 potessino
1222 662 1394 750 (massime
1411 664 1446 730 in

219 772 288 840 arie
303 784 319 824 ⁸
333 775 436 861 nouo)
452 777 603 862 passarla
618 798 721 844 senza
735 775 799 844 dar
812 777 871 864 pio
884 776 1040 845 molestia
1052 787 1087 844 et
1102 798 1186 864 peso
1200 779 1242 845 el'
1260 778 1348 847 Srie.
1365 780 1444 846 VV.

212 891 328 956 ‘con'l’
350 891 522 973 infirmiter,
544 896 602 961 ch'
626 894 720 960 aiuto
742 904 778 962 et
797 893 1032 961 consolatione
1053 914 1117 961 con
1133 892 1155 959 l'
1176 894 1341 963 essercitii
1358 895 1447 965 della

218 1007 354 1074 scuole.v
372 1010 416 1074 Et
437 1009 510 1076 cosi
538 1011 585 1076 ho
605 1020 748 1095 pensato
771 1009 846 1076 sari
871 1008 928 1095 pin
945 1008 1174 1079 conueniente
1190 1006 1311 1077 lasciar
1329 1032 1447 1095 passer

218 1123 329 1207 questi
351 1134 401 1191 tre
422 1126 506 1191 mesi
526 1137 686 1211 oquatro
705 1124 760 1193 del
782 1126 892 1205 caldo,
915 1135 950 1191 et
970 1126 1035 1191 che
1055 1124 1180 1211 doppoi
1202 1127 1233 1192 al
1250 1127 1445 1195 Settembre

218 1239 272 1303 col
287 1238 380 1306 aiuto
395 1240 515 1307 diuino
530 1241 559 1308 si
574 1242 688 1308 mandi
705 1252 827 1328 questo
843 1240 1003 1327 collegio,
1022 1242 1146 1326 perche
1162 1240 1185 1307 il
1202 1253 1317 1327 tempo
1334 1241 1444 1311 serui-

217 1358 255 1423 re
269 1353 328 1440 piri
343 1378 405 1441 per
421 1368 586 1426 trettener
601 1356 674 1423 sani
693 1358 781 1425 nelle
796 1357 923 1424 fatiche
939 1354 1041 1443 quelli
1057 1356 1085 1422 si
1102 1358 1336 1426 manderanno
1348 1359 1372 1423 i.

263 1474 305 1537 Et
318 1473 601 1555 persuadendomi
615 1474 670 1542 nel
683 1472 832 1560 Signore
847 1483 965 1539 nostro
978 1475 1044 1541 che
1059 1473 1091 1540 le
1107 1472 1194 1542 Srie.
1209 1469 1314 1562 [W]
1333 1475 1446 1542 haue·

216 1608 302 1654 rano
319 1589 482 1673 perbene
498 1590 612 1675 quello
628 1593 694 1656 che
709 1612 771 1675 per
783 1588 941 1675 maggior
957 1587 1098 1657 seruitio
1113 1588 1231 1655 diuino
1247 1600 1282 1659 et
1298 1610 1363 1656 suo
1378 1589 1407 1656 si
1424 1590 1445 1656 ὁ

214 1717 370 1789 pensato,
394 1726 463 1771 non
484 1703 559 1774 diro
580 1706 681 1787 altro,
703 1726 741 1772 se
762 1726 830 1771 non
851 1706 918 1772 che
938 1724 1048 1790 prego
1070 1704 1102 1773 la
1122 1702 1239 1771 diuina
1258 1715 1292 1771 et
1309 1726 1445 1771 somma

214 1819 320 1887 boote
340 1844 360 1888 a
381 1821 461 1886 tutti
483 1822 634 1887 concede
656 1820 768 1908 gratia
783 1821 826 1888 de
846 1818 953 1887 sentir
973 1840 1106 1907 sempre
1126 1820 1161 1885 in
1181 1820 1264 1907 ogni
1284 1840 1365 1889 cose
1381 1842 1445 1887 sua

214 1934 409 2002 santissima
426 1936 585 2017 nolonte,
603 1948 637 2005 et
653 1936 767 2023 quella
783 1936 1045 2021 perfettamente
1065 1935 1250 2022 adempire.
1281 1982 1283 1987 ·

282 2051 335 2118 De
351 2053 458 2118 Roma
475 2053 519 2118 26
534 2052 569 2117 d'
588 2051 825 2139 Aprile,1554.

282 2166 476 2252 Inscriptio.
494 2170 525 2234 A
538 2168 699 2237 Genoua.
718 2167 788 2236 Alli
804 2167 936 2255 signori
952 2166 1116 2253 deputati.

774 2356 881 2437 4³99

425 2488 566 2557 PATRI
589 2488 776 2577 JACOBO
803 2488 964 2555 LAINIO
989 2488 1051 2555 EX
1076 2488 1228 2555 COMM.

619 2625 710 2669 norm
728 2612 764 2667 26
782 2623 903 2667 nemus
925 2624 994 2682 1554
1015 2616 1034 2669 ¹.

214 2726 332 2782 causas
343 2726 451 2799 affert,
464 2730 499 2783 ob
516 2747 593 2800 quas
605 2746 760 2801 generense
775 2729 935 2799 collegium
955 2746 1016 2783 non
1034 2727 1296 2813 anteproximum
1316 2729 1447 2799 Septem·

265 2816 348 2871 brem
363 2817 570 2873 inchoandum
586 2819 638 2873 sit.
650 2818 820 2873 -Litteros
838 2819 943 2873 mittit.
956 2850 983 2859 -
995 2817 1116 2873 Gaudet
1133 2819 1171 2873 de
1193 2818 1356 2889 Tarquinii
1374 2822 1447 2890 pro·

258 2905 404 2977 satione.

280 3052 352 3119 Pax
368 3050 511 3118 Christi.

278 3165 508 3235 Rioevessimo
523 3178 537 3207 ²
557 3168 670 3252 quelle
689 3168 734 3233 de
760 3186 799 3255 19
818 3168 875 3235 del
895 3176 1065 3252 presente,
1087 3166 1131 3235 de
1153 3167 1196 3234 V.
1221 3168 1278 3245 R.‚
1302 3165 1446 3234 insieme

210 3301 274 3347 oon
296 3282 327 3348 le
346 3281 439 3369 degli
461 3282 636 3369 magnifici
655 3282 786 3369 signori
808 3281 975 3369 deputati:
999 3280 1021 3347 l'
1044 3302 1114 3348 una
1135 3302 1196 3367 per
1217 3282 1260 3348 N.
1287 3282 1343 3362 P„
1368 3290 1403 3349 et
1420 3282 1444 3347 l'

209 3396 296 3464 altra
309 3418 370 3483 per
387 3399 488 3466 Mtte.
511 3397 663 3465 Antonio
684 3408 720 3466 et
741 3400 843 3465 Mtro.
866 3396 1014 3464 Battista
1038 3396 1241 3476 Peiauicini,
1265 3395 1360 3465 accio
1383 3418 1444 3483 pa-

208 3533 350 3598 gaseero
375 3514 398 3579 li
426 3532 487 3580 100
517 3511 593 3585 VJ*
616 3536 677 3600 per
700 3514 736 3580 lo
760 3512 901 3580 uiatico.
921 3512 992 3579 Alli
1016 3512 1107 3597 quali
1133 3510 1263 3599 signori
1288 3511 1445 3597 deputati

208 3628 252 3696 N.
274 3630 313 3695 P.
333 3648 393 3715 per
408 3630 432 3695 l'
449 3629 581 3697 inclusa
597 3631 608 3663 ⁸
626 3628 649 3695 ti
666 3630 845 3715 responde,
864 3628 1039 3695 conforme
1055 3648 1074 3692 a
1096 3625 1209 3712 quello
1230 3629 1297 3695 che
1319 3625 1347 3693 si
1371 3625 1446 3693 dire

207 3766 228 3810 a
244 3745 287 3812 V.
306 3744 364 3827 R.;
381 3756 416 3815 et
433 3744 465 3827 ὲ,
482 3747 548 3813 che
563 3744 587 3811 il
601 3745 720 3833 signor
735 3744 831 3811 iddio
846 3746 890 3810 ha
907 3741 1059 3829 disposto
1075 3741 1259 3810 altrimenti
1276 3744 1348 3829 (per
1365 3742 1443 3809 eui-

208 3860 289 3929 tarsi
305 3861 395 3928 forse
410 3858 569 3947 maggior
583 3859 857 3945 inconueniente)
873 3857 909 3925 di
924 3858 1050 3944 quello,
1067 3860 1132 3925 che
1148 3856 1206 3943 pin
1224 3869 1338 3943 tempo
1355 3857 1388 3922 ia
1414 3856 1444 3923 si

953 3012 970 3053 t

258 4126 446 4167 ‘fimum
483 4141 486 4145 ·

259 4280 273 4308 ·
310 4261 543 4319 Rieenecissimo
558 4280 613 4317 ms.

211 4406 409 4419 ———.-.-—0

258 4503 270 4535 ⁴
306 4498 383 4555 Vide
397 4498 552 4572 epistolam
566 4506 756 4570 sequentem.

258 4654 266 4686 ¹
305 4650 596 4725 heodieeReget.
611 4650 653 4718 11,
667 4648 698 4708 ff.
714 4661 852 4721 94v-95r.

258 4744 269 4772 ¹
306 4741 385 4797 Vide
398 4742 552 4814 epistolam
564 4738 760 4811 superiorem.
