3567 5409
557 480 661 539 Erus.
681 460 1075 551 3985oer.-19Dscsriaa1s
1095 476 1164 549 1553

780 635 951 717 3985¹⁶'

399 757 500 825 DUX
532 758 593 825 ET
621 758 1006 827 GUBERNATORES
1035 756 1317 825 GENUENSES

508 871 772 929 RElPUBLICAE
790 871 958 930 GENUAE
976 870 1206 930 UNIVERSAE

616 984 776 1041 assurin
793 983 974 1027 oscauaars
994 969 1064 1041 1553
1078 975 1098 1030 ⁴.

233 1091 370 1147 Senatus
381 1096 552 1151 consultum
565 1094 751 1169 reipublicae
763 1098 938 1169 genuensis,
956 1111 1013 1168 quo
1033 1095 1176 1152 &mart
1184 1095 1259 1169 Jesu
1270 1096 1359 1151 aedas
1374 1096 1472 1150 decer·

290 1184 620 1241 nantum—Senatores
633 1187 847 1250 nominentur,
857 1188 912 1263 qai
923 1184 1051 1258 collegio
1059 1184 1246 1241 instituendo
1254 1184 1473 1240 maculandis·

290 1287 345 1341 que
357 1273 512 1329 sodalibus
523 1276 596 1330 daal
609 1279 744 1345 operam.

841 1401 863 1489 i

301 1554 386 1615 1553,
401 1544 455 1602 die
475 1558 511 1615 ¹9
524 1544 615 1603 X.bri·

296 1648 411 1707 lllmus.
423 1649 568 1710 dominus
579 1652 645 1711 dux
660 1650 672 1685 ¹
688 1660 719 1712 et
734 1654 887 1732 magnifici
900 1652 1018 1711 domini
1032 1651 1257 1730 gubernatores
1270 1651 1470 1709 excellentis·

231 1752 333 1815 simae
346 1758 536 1832 reipublicae
550 1762 730 1837 genuensis.
886 1748 891 1761 ¹

294 1863 375 1923 Cum
396 1866 504 1941 paucis
525 1866 639 1927 abhinc
659 1868 747 1925 annis
769 1870 928 1927 emerserit
952 1875 985 1927 et
1005 1868 1035 1925 in
1057 1868 1160 1926 lucem
1185 1868 1335 1941 prodierit
1359 1878 1467 1927 sancta

123 2004 126 2009 ·
229 1972 388 2046 quaedam
401 1976 520 2051 religio,
536 1984 568 2034 et
582 1992 639 2035 seu
652 1977 797 2052 religiosa
812 1976 918 2054 regula
933 1984 964 2033 et
979 1977 1086 2034 schola
1104 1976 1347 2051 presbiterorum
1368 1976 1466 2034 reior-

230 2089 398 2151 matorum,
414 2082 473 2140 sub
485 2083 674 2155 obedientia,
688 2094 724 2141 ut
739 2084 843 2155 iertur,
857 2084 964 2142 domni
978 2084 1100 2160 Ignatii,
1121 2084 1251 2158 hispani,
1266 2084 1322 2141 uiri
1338 2084 1466 2157 quidem

230 2188 434 2263 integerrimi,
449 2190 503 2263 qui
522 2192 685 2249 sanctitate
700 2192 783 2249 vitae
799 2198 830 2249 et
845 2192 972 2267 optimis
990 2190 1130 2249 moribus
1149 2192 1331 2267 religionem
1351 2190 1467 2263 colunt,

229 2292 302 2353 Deo
320 2296 352 2353 in
366 2296 451 2353 omni
471 2296 634 2355 sanctitate
653 2298 829 2367 seruiendo,
850 2300 1064 2371 optimumque
1083 2297 1266 2357 mortalibus
1285 2298 1466 2372 exemplum
1495 2336 1502 2350 .

228 2402 425 2476 praebend0,
437 2403 521 2461 vnde
536 2405 674 2478 plurimis
689 2406 720 2464 in
736 2406 915 2465 ciuitatibus
930 2404 1037 2463 Italiae
1054 2414 1085 2463 et
1099 2404 1227 2479 quidem
1242 2404 1466 2475 celeberrimis,

228 2508 284 2568 vbi
298 2510 348 2568 hic
368 2510 447 2569 ordo
465 2512 636 2589 regulaque
651 2513 718 2587 ipsa
737 2513 875 2587 plantata
890 2512 956 2583 suit,
977 2514 1088 2587 optimi
1108 2513 1296 2586 proueniunt
1311 2513 1428 2571 fructus
1442 2508 1463 2568 ³.

226 2614 472 2693 Exponentibus
498 2620 604 2693 itaque
626 2627 658 2679 et
678 2620 858 2695 petentibus
880 2620 958 2678 Rdo.
981 2620 1099 2679 vicario
1120 2620 1376 2695 archiepiscopali
1387 2616 1409 2689 ⁴,
1431 2628 1464 2676 et

226 2739 300 2781 cum
315 2740 354 2781 eo
369 2725 527 2783 nonnullis
542 2725 676 2798 ciuibus,
691 2724 809 2785 bonum
824 2726 890 2785 iore
905 2726 932 2784 si
947 2727 1059 2802 pariter
1074 2727 1104 2784 io
1119 2727 1177 2784 hac
1193 2726 1270 2785 vrbe
1282 2724 1461 2783 huiusmodi

226 2829 439 2889 sacerdotium
453 2840 483 2890 et
495 2833 573 2891 ordo
585 2834 785 2907 plantaretur,
800 2833 869 2893 Deo
885 2834 1036 2893 honorem
1048 2844 1081 2891 et
1092 2834 1212 2891 ciuitati
1223 2833 1386 2891 utilitatem
1397 2848 1460 2889 non

226 2937 421 2996 mediocrem
441 2938 614 3013 allaturum,
630 2958 701 2999 cum
720 2942 785 2999 aliis
804 2942 834 2999 in
854 2941 1035 3000 ciuitatibus
1053 2938 1230 2999 huiusmodi
1250 2940 1308 2998 viri
1330 2938 1461 2997 solidam

226 3045 444 3120 optimamque
463 3046 636 3107 doctrinam
656 3048 809 3107 seminent
827 3048 866 3107 ad
888 3049 1059 3107 animarum
1080 3048 1213 3106 salutem
1234 3046 1462 3117 concionando,

224 3150 374 3227 legendo,
390 3162 422 3211 et
436 3154 582 3213 docendo
598 3156 713 3215 nedum
728 3157 871 3231 xpianas.
887 3156 1108 3224 institutiones,
1130 3172 1237 3213 verum
1254 3155 1347 3212 etiam
1363 3153 1462 3211 omnis

223 3260 352 3333 generis
366 3259 492 3333 litteras,
508 3272 572 3321 tam
587 3279 714 3340 graecas
728 3279 822 3338 quam
837 3264 958 3334 latinas,
973 3273 1006 3320 et
1024 3264 1084 3321 hoc
1099 3263 1229 3336 quidem
1243 3263 1349 3339 gratis,
1369 3262 1413 3319 ita
1426 3269 1461 3319 ut

223 3367 313 3439 pueri
332 3367 470 3427 cuiusuis
490 3370 624 3445 generis,
639 3378 703 3429 tam
723 3370 839 3429 diuites
854 3388 948 3444 quam
968 3386 1134 3446 pauperes,
1150 3368 1271 3443 possint
1289 3384 1345 3425 eos
1365 3366 1460 3438 adire,

223 3472 373 3549 ipsasque
395 3475 523 3547 litteras,
547 3476 663 3535 aliaeue
683 3478 864 3553 disciplinas
886 3493 1101 3552 quascumque
1123 3477 1299 3546 maluerint,
1322 3473 1362 3532 ab
1384 3474 1461 3549 ipsis

223 3580 409 3656 presbiteris
429 3582 617 3656 perdiscere,
636 3584 661 3642 si
680 3584 754 3657 ipsis
775 3584 954 3659 presbiteris
977 3592 1008 3643 et
1027 3600 1082 3641 seu
1097 3601 1206 3641 eorum
1221 3582 1389 3640 conuentui
1404 3582 1459 3638 ali·

277 3732 285 3765 ¹
325 3732 369 3785 Ex
383 3732 518 3803 originali
530 3732 561 3789 in
570 3732 672 3789 codice
686 3733 853 3789 Mediolon.
864 3735 1002 3806 Append.
1017 3734 1059 3787 ad
1071 3734 1141 3788 laist.
1154 3732 1374 3802 1550·1732,ll,
1388 3749 1415 3792 a,
1427 3733 1456 3787 b.

275 3824 287 3855 ²
326 3822 395 3875 Dux
412 3822 593 3893 reipublicae
607 3825 769 3893 genuensis
787 3826 824 3877 ab
843 3840 921 3879 anno
942 3822 1010 3892 1553
1027 3822 1064 3877 ad
1086 3835 1154 3892 1555
1171 3821 1228 3878 fuit
1246 3822 1375 3892 Jacobus
1390 3820 1457 3875 Pro·

221 3911 397 3969 moratorius.
412 3912 589 3982 Rrvaaotn,
605 3912 797 3985 Descripcidn
811 3914 992 3971 historico...
1005 3914 1043 3968 de
1058 3911 1194 3979 Genovn,
1208 3928 1276 3983 pag.
1290 3923 1354 3981 477.

275 4000 287 4033 ⁸
325 3999 422 4055 Prima
435 4000 593 4057 Societatis
605 4002 779 4073 approbatio
794 4002 879 4056 vivae
893 4003 976 4057 vocis
988 4003 1107 4057 oraculo
1119 4000 1197 4055 iacta
1211 4011 1257 4054 est
1274 4016 1291 4053 a
1309 4000 1399 4055 Paulo
1412 3998 1456 4053 111

219 4088 269 4144 die
279 4086 296 4143 3
305 4088 491 4161 Septembris
504 4088 582 4163 1539,
596 4090 646 4163 qui
658 4100 759 4163 postea
771 4092 851 4146 bulla
866 4091 1025 4162 Regimini
1036 4090 1200 4145 militantis
1212 4090 1362 4145 Falerios
1375 4088 1454 4143 illam

218 4178 395 4249 approbavit
407 4178 650 4252 confirmavitque
669 4194 702 4249 27
716 4180 902 4251 Septembris
922 4193 1002 4249 1540,
1016 4179 1147 4251 praefixo
1161 4195 1281 4234 numero
1299 4178 1454 4247 sexaginta

220 4265 430 4337 professorum
444 4268 637 4341 eamdemque
650 4287 750 4324 rursus
765 4268 871 4324 litteris
881 4270 1049 4340 apostolicis
1063 4268 1238 4338 injunctum
1253 4268 1347 4334 nobis,
1359 4266 1407 4322 die
1420 4278 1453 4335 14

220 4355 317 4411 Martii
336 4355 403 4425 1543
415 4358 503 4425 datis,
522 4360 603 4413 nullo
623 4358 753 4431 praefixo
769 4359 968 4430 professorum
986 4376 1119 4423 numero,
1138 4356 1274 4431 iactaque
1292 4356 1388 4412 eidem
1402 4374 1452 4427 po·

217 4452 328 4499 testate
346 4444 520 4502 admittendi
537 4464 739 4520 quoscumque
756 4448 890 4519 idoneos,
908 4447 1104 4503 confirmavit.
1119 4448 1215 4519 Julius
1235 4463 1307 4501 vero
1321 4446 1365 4501 111
1382 4463 1450 4519 apo·

216 4532 321 4588 stolica
334 4536 509 4591 auctoritate
524 4536 630 4591 iterum
642 4537 722 4591 bulla
733 4536 875 4609 Exposcit
884 4536 1086 4603 debitum,die
1098 4548 1129 4591 21
1142 4536 1214 4607 Julii
1228 4548 1306 4605 1550,
1320 4534 1451 4590 Societa-

218 4624 256 4679 tis
270 4622 438 4679 institutum
451 4624 636 4682 confirmavit
648 4624 771 4699 ejusque
784 4626 940 4699 privilegia
953 4626 1133 4697 amplissime
1148 4625 1320 4697 explicavit.

272 4714 283 4745 ⁴
321 4710 466 4783 aegidius
480 4714 622 4772 Falcetta.
637 4714 713 4770 Vide
727 4716 881 4787 epistolam
895 4715 1076 4787 superiorem
1090 4714 1160 4785 3985
1172 4717 1219 4770 bis.
