3567 5409
428 435 483 495 382
804 441 1010 497 Monuunnrn
1036 442 1213 497 lanariam

391 595 457 663 che
472 592 519 661 lui
535 603 590 661 sta
606 594 849 675 malcontento,
867 607 903 663 et
918 615 1026 681 penso
1037 594 1282 680 specialmente
1298 593 1333 661 di
1350 614 1416 673 me,
1434 604 1469 661 et
1486 595 1530 659 ha
1545 594 1627 661 det-

393 718 430 773 to
444 709 477 776 al
494 710 535 775 P.
554 711 656 777 Miro.
675 708 815 779 Andrca
832 715 844 746 ⁸
861 713 927 779 che
943 710 977 777 io
991 710 1128 779 doueua
1139 731 1234 779 esser
1246 709 1410 789 heretico,
1424 708 1551 795 percha
1563 706 1627 774 im-

391 844 556 910 pugnaua
571 826 594 889 l'
612 835 685 895 arte
700 824 912 894 eaualistica.
930 828 1077 894 Diuerse
1096 826 1188 895 nolte
1211 826 1257 893 ha
1277 826 1472 893 confessato
1487 827 1553 895 che
1575 825 1624 891 lui

393 960 460 1005 non
477 940 564 1007 sain
585 940 835 1027 ragionamenti
856 940 1065 1028 particulari,
1087 954 1122 1009 et
1143 941 1247 1008 ctiam
1268 942 1333 1009 che
1357 942 1403 1008 ha
1424 941 1581 1007 malsono
1602 940 1626 1006 il

390 1072 489 1141 cap0,
507 1066 554 1136 et,
574 1068 612 1123 ut
629 1057 735 1125 uerbo
750 1057 826 1125 eius
842 1068 930 1137 utar,
949 1057 1078 1125 insano¹
1101 1059 1143 1124 D'
1157 1058 1246 1125 altro
1257 1069 1360 1123 canto
1376 1056 1454 1125 nole
1471 1054 1626 1123 tuttauia

391 1171 564 1239 mostrarsi
581 1170 690 1254 dotto;
707 1172 792 1239 etin
815 1195 950 1241 summa
966 1174 995 1240 si
1017 1185 1113 1259 porta
1134 1193 1233 1240 corne
1254 1175 1382 1239 huomo
1401 1150 1435 1239 di
1457 1174 1525 1239 mai
1547 1194 1626 1242 cer·

391 1287 494 1368 uelio,
512 1299 547 1356 et
568 1286 613 1354 mi
639 1288 657 1354 ὲ
678 1310 790 1374 parso,
808 1310 869 1374 per
883 1288 1033 1357 scarrico
1048 1290 1137 1358 della
1152 1287 1367 1357 consciencia
1384 1288 1462 1369 mia,
1481 1290 1626 1357 doueua

388 1403 503 1470 auisar
519 1404 563 1471 V.
584 1406 623 1471 R.
642 1405 677 1471 d'
694 1404 778 1489 ogni
793 1424 886 1485 cosa,
905 1404 1001 1473 accio
1017 1406 1130 1490 quella
1145 1404 1314 1472 consideri
1331 1426 1397 1472 con
1414 1405 1437 1471 li
1452 1405 1531 1473 altri
1555 1407 1623 1471 Pa·

388 1518 442 1585 dri
462 1539 562 1589 come
582 1519 611 1587 si
632 1519 756 1589 debbia
778 1520 840 1588 far'
862 1520 953 1589 circa
973 1518 995 1586 l’
1016 1521 1188 1588 informar'
1211 1521 1234 1587 ii
1257 1524 1355 1589 Rmo.
1380 1522 1576 1603 labaoense,
1600 1521 1627 1586 ii

391 1636 492 1719 quale
508 1656 590 1721 pare
610 1635 677 1703 stia
697 1634 887 1722 ingannato
910 1657 976 1703 con
996 1636 1121 1717 cosmi,
1144 1636 1290 1704 iacendo
1311 1638 1442 1725 grande
1462 1636 1567 1705 stima
1586 1636 1622 1702 di

391 1749 451 1833 lui,
468 1750 707 1818 conciosiachc
722 1774 790 1819 non
807 1773 847 1819 so
863 1751 899 1817 in
915 1754 995 1837 qual
1007 1772 1089 1820 cosa
1102 1752 1229 1839 potessi
1241 1752 1357 1819 fidarsi
1369 1752 1477 1819 dilui.
1492 1752 1540 1821 Se
1554 1752 1623 1819 Dio

391 1885 461 1932 non
478 1866 512 1931 io
528 1880 634 1946 muta,
653 1868 767 1935 anche
784 1867 941 1937 uedendo
957 1870 991 1934 lo
1006 1868 1125 1955 spirito
1141 1879 1239 1935 tanto
1253 1870 1343 1936 elato
1358 1880 1394 1937 et
1409 1879 1563 1935 amatore
1577 1868 1622 1935 de

389 1981 632 2063 ostentatione,
650 1982 833 2052 essendoui
848 1994 945 2051 tanto
961 2004 1047 2071 poco
1060 1985 1281 2053 fondamento
1296 1984 1330 2050 di
1347 1984 1510 2065 dottrina,
1526 1982 1573 2049 mi
1588 1982 1621 2049 fa

390 2108 518 2167 temere
534 2100 708 2183 alquanto,
726 2100 791 2167 che
807 2121 878 2167 non
894 2100 1077 2167 declinassi
1092 2099 1148 2168 all'
1167 2100 1301 2169 heresia
1321 2098 1350 2167 si
1372 2100 1453 2167 fossi
1476 2118 1621 2184 exaspe-

389 2223 463 2283 rato
479 2214 536 2282 del
548 2234 698 2282 vescouo
710 2215 903 2298 labacense3
919 2215 977 2301 pih
990 2227 1107 2301 presto
1120 2238 1201 2302 pare
1212 2216 1242 2283 si
1255 2215 1380 2284 debbia
1392 2238 1471 2284 usar
1482 2216 1617 2284 destra-

388 2352 428 2396 za
444 2350 513 2396 con
531 2329 590 2409 lui,
608 2333 808 2398 mostrando
821 2332 1027 2413 acarczarlo‚
1045 2343 1080 2397 et
1097 2354 1168 2399 non
1185 2331 1214 2398 si
1237 2330 1374 2400 fidando
1393 2332 1429 2399 di
1449 2332 1495 2399 lui
1522 2344 1615 2418 trop·

387 2468 434 2532 po
449 2444 486 2512 in
502 2466 582 2514 cose
597 2446 632 2511 d’
650 2446 873 2531 importanza.
900 2446 967 2515 Noi
988 2446 1133 2514 faciamo
1154 2448 1243 2515 cossi
1261 2446 1328 2516 del'
1349 2450 1558 2527 acarezarlo,
1584 2458 1619 2517 er

389 2560 535 2630 tuttauia
550 2572 676 2629 stanno
692 2561 727 2629 in
744 2583 813 2629 una
831 2582 912 2629 casa
934 2573 1048 2629 nostra
1070 2562 1092 2628 li
1112 2562 1185 2642 doi,
1208 2584 1325 2649 presso
1345 2564 1411 2631 alla
1430 2563 1560 2645 chiesa,
1583 2575 1618 2631 et

386 2678 555 2744 donnono
571 2678 607 2744 in
624 2677 732 2745 nostri
747 2677 835 2757 letti,
852 2690 887 2745 et
903 2680 1019 2745 hanno
1035 2678 1058 2744 il
1074 2677 1215 2745 seruitio
1230 2698 1329 2747 come
1344 2678 1464 2766 prima.
1484 2682 1541 2747 Ma
1560 2678 1617 2745 del

385 2791 477 2885 [Dc]
493 2794 602 2861 Paulo
622 2815 691 2860 non
713 2794 883 2879 possiamo
904 2795 1011 2862 hauet
1032 2796 1119 2862 altro
1140 2806 1322 2882 concepto,
1345 2816 1383 2863 se
1405 2816 1472 2861 non
1495 2796 1551 2862 ch'
1573 2798 1618 2861 ha

387 2911 453 2975 mal
469 2908 627 2995 giuditio‚
644 2923 680 2977 et
696 2930 782 2995 poca
796 2908 960 2989 dottrina,
978 2926 1014 2977 et
1030 2912 1134 2977 molta
1150 2908 1280 2977 uaniti.
1300 2908 1422 2979 Porcio
1439 2932 1521 2997 pare
1538 2931 1615 2977 car·

388 3023 459 3091 rico
479 3024 515 3092 di
534 3023 750 3094 consciencia
773 3024 962 3112 procurarli
984 3024 1120 3092 licentia
1142 3028 1185 3095 de
1202 3026 1342 3113 leggere
1363 3025 1441 3093 libri
1459 3026 1614 3105 heretici,

386 3160 485 3208 come
500 3140 661 3208 dimanda
675 3141 700 3207 il
716 3143 815 3209 Rmo.
834 3142 1028 3221 labacense‚
1046 3140 1070 3207 il
1087 3144 1152 3211 che
1169 3162 1237 3207 non
1256 3142 1397 3211 iarebbe
1416 3141 1445 3209 si
1463 3143 1496 3209 lo
1510 3162 1616 3209 cono·

383 3276 493 3323 scese.
514 3258 562 3324 La
578 3257 690 3343 gratia
706 3279 766 3343 per
777 3258 829 3323 dir
842 3256 950 3323 offitio
963 3278 1055 3323 nouo
1073 3257 1095 3322 l'
1115 3257 1298 3325 habbiamo
1313 3257 1494 3345 impetrata
1509 3280 1529 3324 a
1548 3268 1616 3324 tut-

385 3371 412 3437 ti
425 3370 496 3453 doi,
513 3384 549 3440 et
564 3372 599 3439 io
614 3375 660 3440 ho
677 3374 761 3440 fatto
777 3373 809 3441 le
823 3394 934 3460 spese.
957 3374 997 3439 Et
1014 3385 1138 3458 questo
1156 3374 1245 3441 basti
1260 3385 1390 3458 quanto
1401 3374 1433 3439 al
1446 3374 1508 3443 Dr.
1522 3374 1614 3439 Pau·

387 3488 434 3569 lo,
451 3498 519 3557 etc.

454 3606 552 3691 Dopo
567 3617 690 3690 questo
706 3606 838 3686 scritto,
858 3609 1020 3693 parlando
1035 3632 1055 3675 a
1072 3610 1119 3679 N.
1134 3611 1189 3688 P„
1204 3607 1226 3672 li
1241 3628 1367 3694 pareua
1380 3606 1485 3675 chesi
1499 3618 1612 3693 potes·

386 3721 414 3787 si
431 3721 629 3789 fideImente
645 3744 783 3790 narrare
799 3724 884 3809 ogni
899 3744 982 3791 cosa
997 3725 1033 3791 ai
1048 3725 1146 3791 Rmo.
1166 3724 1359 3804 labacense,
1373 3742 1412 3791 se
1424 3743 1492 3789 non
1506 3742 1612 3789 cono-

385 3856 443 3905 sce
459 3837 546 3903 altro
562 3838 607 3905 V.
627 3839 683 3917 R.,
703 3836 791 3906 uiste
806 3839 838 3905 le
854 3836 1110 3919 circonstantie;
1129 3852 1164 3909 et
1179 3838 1214 3904 in
1238 3838 1283 3905 tal
1304 3858 1385 3905 caso
1407 3836 1466 3924 qui
1488 3838 1614 3903 mando

385 3973 454 4018 una
469 3952 738 4020 sottoscrittione
754 3953 822 4019 mia
836 3953 871 4020 in
895 3952 1031 4036 bianco‚
1055 3976 1155 4040 sopra
1176 3955 1208 4021 la
1227 3953 1307 4038 qual
1328 3951 1478 4022 scriueri
1501 3952 1613 4039 quello

384 4068 408 4134 ii
425 4090 516 4155 pare;
534 4080 623 4137 etse
639 4070 662 4136 li
679 4069 806 4156 paressi
823 4072 887 4137 che
905 4070 987 4137 fossi
1004 4070 1137 4151 lanino,
1157 4072 1274 4163 oiatlta
1291 4068 1325 4136 in
1342 4070 1430 4138 altro
1441 4069 1541 4135 modo
1553 4088 1613 4157 per

382 4184 683 4255 essermostrabile
695 4186 727 4252 al
742 4188 839 4253 Rmo.
855 4186 1048 4267 labacense,
1064 4186 1098 4252 in
1113 4196 1204 4252 tutto
1218 4184 1327 4253 faccia
1338 4206 1435 4253 oome
1446 4184 1470 4251 li
1483 4188 1610 4273 pareri.

451 4300 516 4369 Del
536 4303 686 4369 Postello
701 4304 714 4339 ⁸
731 4304 829 4369 basto
845 4302 961 4369 auisar
977 4303 1021 4370 V.
1043 4304 1098 4382 R.,
1117 4304 1183 4370 che
1200 4300 1248 4367 lui
1263 4302 1308 4369 ha
1323 4302 1419 4368 detto
1439 4310 1474 4368 et
1494 4298 1611 4367 scritto

389 4434 448 4444 -..
495 4436 589 4445 *-

438 4499 450 4531 ⁸
487 4495 622 4552 Andrean
636 4496 768 4551 Frusino.

437 4588 449 4621 ⁸
487 4584 655 4643 Gulielmua
672 4584 831 4641 Pontelluo.
850 4581 1047 4638 videaturad
1067 4584 1145 4638 hunc
1164 4598 1273 4637 annum
1292 4580 1475 4651 Focaneus,
1489 4576 1609 4641 Cliton„

386 4674 438 4744 iv,
454 4670 582 4742 235-237.
