3567 5409
338 478 390 549 258
714 477 921 533 Mouuuaure
948 476 1127 532 lauimus

369 635 423 702 De
440 635 590 702 uendere
607 632 711 719 queli'
729 643 818 711 orto,
836 632 904 699 che
920 631 1024 699 Mtro.
1043 629 1147 716 Luigi
1163 630 1175 663 ⁸
1193 633 1335 716 comprb
1352 651 1413 716 per
1437 647 1476 697 12
1497 645 1536 700 V

302 751 478 829 (recenso,
498 768 557 836 per
572 747 596 814 il
619 747 804 816 medesimo
824 766 931 814 censo
953 755 1080 832 pagato
1100 745 1166 813 alle
1186 748 1368 827 monache,
1390 767 1412 812 a
1427 745 1473 814 N.
1490 747 1540 813 P.

302 887 384 953 pare
399 865 506 932 molto
522 865 611 933 bene
626 861 650 930 ii
663 862 839 931 scaricarsi
851 862 888 928 di
899 861 979 946 quel
991 882 1106 948 pessa,
1121 874 1155 931 et
1167 861 1223 928 del
1235 861 1374 929 fastidio
1386 861 1422 928 di
1435 861 1541 948 quel·

303 981 331 1047 li·
341 983 407 1048 che
423 980 562 1046 affitano
578 980 601 1045 l'
618 989 706 1060 orto;
725 977 754 1045 si
773 980 839 1046 che
856 980 978 1064 puotra
994 976 1088 1058 farsi,
1106 987 1142 1046 et
1157 987 1366 1064 premettere
1381 978 1447 1044 che
1458 975 1540 1044 seri

303 1106 418 1183 gratto
434 1105 468 1162 et
485 1105 576 1162 tatto
591 1117 612 1162 a
629 1097 732 1162 Mtro.
751 1091 854 1180 Luigi
870 1094 915 1160 de
931 1091 1095 1160 Mendosa
1112 1104 1243 1178 quanto
1258 1091 1288 1160 si
1305 1094 1389 1162 tari.

371 1213 470 1280 Altro
498 1232 566 1278 non
594 1231 736 1279 occorre
762 1209 847 1290 dire,
877 1231 915 1278 se
936 1230 1005 1276 non
1026 1211 1092 1276 che
1113 1207 1169 1277 all'
1190 1208 1337 1276 orationi
1358 1210 1401 1276 de
1422 1209 1467 1277 V.
1490 1210 1537 1276 R.

305 1329 411 1398 molto
426 1328 458 1395 ci
475 1326 770 1395 raccomandiamo
785 1325 897 1420 quelli,
906 1324 997 1394 delia
1012 1345 1093 1392 casa
1108 1335 1143 1392 et
1159 1325 1239 1391 delli
1251 1324 1402 1412 collegii;
1417 1336 1451 1393 et
1464 1335 1542 1391 tut-

305 1443 329 1509 ti
345 1443 469 1512 stiamo
485 1445 575 1512 bene
590 1463 651 1529 per
667 1441 831 1524 gratiarii
847 1440 905 1508 dio
921 1442 965 1509 N.
986 1441 1024 1510 S.

370 1562 424 1627 De
441 1561 548 1627 Roma
565 1578 609 1643 30
624 1558 658 1625 di
675 1557 810 1626 Genaio
831 1573 928 1642 1554.

372 1675 567 1760 Inscriptio.
588 1675 620 1742 A
638 1673 765 1742 Tivoli.
785 1676 818 1741 A
836 1677 935 1743 Mtro.
953 1674 1145 1744 Desideria.

886 1857 968 1935 4121

598 1980 740 2046 partu
764 1978 1033 2048 Pascuhfflo
1058 1966 1249 2048 BRoETo

702 2105 791 2150 aon
811 2092 847 2149 30
865 2106 1014 2160 Jeuusau
1035 2107 1104 2165 1554
1124 2095 1145 2154 ¹.

308 2231 442 2302 Acceptis
462 2183 574 2284 litteris
592 2230 888 2300 respondet—Dolet
909 2229 947 2285 rte
964 2234 1058 2302 peste,
1080 2247 1158 2302 quae
1179 2229 1314 2285 Parisiis
1327 2232 1544 2303 gematur.—

361 2316 483 2375 Gaudet
495 2321 531 2374 de
544 2317 700 2390 Claysonii
708 2317 996 2376 concionibus-De
1006 2319 1153 2390 Stephani
1162 2317 1545 2391 scholiis-Indulgentia-

360 2424 431 2462 rum
445 2407 529 2463 bulla
543 2407 863 2465 mititiam—Maniam
875 2410 961 2478 cupit
975 2409 1055 2464 uotis
1066 2409 1292 2464 claromontani
1304 2407 1453 2463 antistitis
1464 2409 1546 2463 abse-

358 2499 508 2564 cundare,·
527 2501 586 2569 pro
601 2498 757 2569 paucitate
778 2497 981 2553 nihilominus
1001 2500 1152 2554 sociomm
1173 2498 1216 2554 aa
1238 2496 1399 2554 Societatis
1419 2497 1543 2562 munia,

358 2589 478 2657 quaein
491 2588 555 2642 dies
567 2587 706 2661 singulos
718 2591 867 2656 crescunt,
880 2588 1028 2656 obeunda,
1040 2588 1158 2643 sodales
1174 2589 1209 2644 iu
1221 2587 1395 2661 theologicis
1407 2585 1543 2658 discipli·

358 2679 408 2732 nis
420 2682 555 2732 versatos
568 2679 689 2733 mittere
703 2695 763 2732 non
774 2679 901 2750 poterit:
914 2681 1017 2749 sperat
1028 2683 1133 2734 autem
1146 2682 1191 2742 ut,
1206 2678 1293 2733 rebus
1304 2677 1339 2732 in
1350 2675 1460 2732 Gallia
1471 2676 1545 2732 bene

356 2766 558 2839 spirantibus,
572 2767 675 2822 idonei
689 2766 833 2823 Societati
844 2767 980 2823 homines
992 2773 1218 2841 aggregentur,
1234 2765 1352 2838 aliique
1365 2768 1543 2830 mittantur,

358 2856 466 2927 quibas
477 2857 553 2910 satis
570 2855 1006 2931 omnibusfiat.-I)eJoanne
1029 2857 1311 2932 Vaga-Maedica
1327 2874 1364 2912 en
1382 2855 1543 2912 mata

354 2945 532 3018 privilegiis
544 2946 713 3002 sacerdotio
726 2947 787 3006 rita
799 2947 927 3003 initiari
935 2952 1043 3018 potest.

375 3085 447 3148 Pax
459 3081 601 3148 Christi.

344 3217 348 3226 ·
376 3199 425 3266 Le
442 3199 564 3266 lettere
579 3201 646 3266 che
670 3198 702 3265 ci
724 3199 895 3267 trouiamo
916 3200 961 3268 de
978 3200 1020 3265 V.
1041 3201 1083 3266 R.
1105 3198 1150 3265 de
1170 3220 1288 3267 mezzo
1308 3219 1400 3265 anno
1421 3197 1457 3264 in
1472 3219 1542 3283 qua

308 3335 395 3380 sono
413 3334 445 3398 3:
464 3335 532 3380 vna
548 3315 592 3382 de
609 3324 661 3380 tre
677 3315 720 3381 de
737 3315 886 3384 Ottobre
902 3315 947 3383 de
963 3316 1082 3383 Rache
1098 3315 1126 3381 F
1129 3324 1285 3394 onttana,
1303 3315 1390 3381 altra
1404 3314 1483 3384 de8
1500 3315 1543 3382 de

311 3431 507 3501 Nouembre
522 3430 567 3496 de
585 3431 702 3517 Parigi
720 3431 745 3512 ⁸,
764 3431 850 3499 altra
865 3430 910 3498 de
932 3431 1153 3518 Beauregard
1173 3451 1193 3496 a
1210 3447 1230 3513 7
1246 3431 1291 3496 de
1305 3431 1499 3498 Decembre
1515 3431 1542 3500 ³.

311 3545 495 3612 Auessimo
512 3545 615 3612 etiarn
632 3547 664 3613 le
681 3545 933 3631 quadrimestre
948 3546 992 3612 de
1010 3563 1047 3629 15
1059 3546 1103 3612 de
1118 3545 1255 3614 Genaio
1271 3546 1328 3612 dei
1342 3557 1461 3612 nostro
1474 3545 1543 3613 fra·

307 3661 389 3728 teilo
407 3659 609 3728 charissimo
627 3663 730 3728 Mtro.
751 3663 903 3728 Roberto
919 3663 944 3727 ⁸.

374 3776 445 3862 Qui
463 3777 665 3862 risponderb
681 3799 701 3843 a
717 3778 832 3862 quello
848 3779 913 3844 che
930 3777 1085 3845 ricercha
1102 3778 1249 3864 risposta
1264 3777 1299 3845 in
1313 3788 1405 3846 tutte
1419 3787 1545 3862 queste

314 3893 520 3904 μαι-*-

339 3943 341 3946 ’
359 3941 369 3972 ¹
406 3937 574 3993 Ludovicus
589 3938 741 4009 Mendoza,
757 3939 907 4010 hispanus,
924 3937 1084 3993 Societatis
1098 3937 1307 4010 amicissimus,
1319 3937 1358 3993 de
1370 3951 1430 4011 quo
1441 3937 1544 3994 statim

240 4047 243 4056 ¹
306 4037 403 4082 sermo
416 4037 472 4096 est,
487 4029 596 4101 quique
609 4027 717 4084 deinde
731 4029 850 4084 labente
864 4037 998 4100 tempore
1010 4028 1100 4104 sociis
1113 4027 1258 4084 adhaesit:
1277 4036 1478 4100 nascentem,
1498 4045 1544 4088 re·

308 4117 376 4172 ricta
395 4118 488 4188 Urbe,
508 4117 537 4174 in
556 4118 698 4189 Hispania
717 4119 901 4190 versabatur,
919 4136 979 4191 quo
996 4119 1034 4174 ad
1053 4118 1243 4190 transigenda
1260 4117 1405 4202 quaedam
1423 4117 1545 4188 negotia

330 4215 442 4262 encrat.

309 4391 325 4428 .¹
365 4354 372 4382 ¹
411 4351 456 4406 Ex
469 4349 571 4406 codice
586 4353 705 4424 Regest.
722 4351 764 4419 ii,
779 4351 809 4410 ff.
825 4365 934 4421 42-44r.
1054 4407 1059 4417 ,

362 4445 372 4473 ²
411 4441 599 4510 Epistulae...
617 4441 767 4506 oreon...
783 4458 851 4512 pag.
866 4455 912 4512 95.

361 4531 372 4561 ³
410 4529 600 4600 Epistulae...
617 4533 768 4594 Broe'ti...,
784 4549 851 4603 pag.
865 4529 912 4601 98.

361 4622 372 4652 ⁴
409 4619 556 4674 Robertus
570 4619 776 4691 Clayssonius.
797 4621 867 4691 Ejus
881 4629 981 4676 tamen
994 4621 1111 4676 litterae
1125 4619 1354 4692 praeseferunt
1371 4620 1451 4678 diem
1466 4635 1483 4690 5
1497 4621 1547 4692 Ja-

308 4707 403 4765 nuarii
420 4720 498 4777 1554:
514 4708 631 4764 «Pridie
645 4710 854 4782 Epiphaniae».
870 4709 941 4766 Litt.
958 4711 1138 4780 Quadrim.,
1157 4711 1195 4779 11,
1209 4709 1338 4779 516·523.
