3567 5409
557 486 663 543 Errat.
682 496 838 554 uon-27
858 485 986 540 Aratus
1005 496 1076 555 1554

293 782 436 848 PATRI
460 780 745 849 HIERONYMO
769 656 1067 848 diiudENEcco
1092 780 1154 847 EX
1179 781 1332 849 COMM‚·

607 906 696 951 noua
715 906 751 963 ²7
768 906 891 950 nemus
913 907 922 949 ι
930 907 983 965 554
1003 894 1023 952 ¹.

200 1024 320 1080 Gaudet
332 1024 414 1094 quod
424 1027 572 1079 conentur
584 1022 684 1077 nostri
700 1022 874 1078 Quanam
884 1022 920 1076 in
929 1017 1097 1077 libertatem
1108 1022 1360 1081 «indicare-Da
1369 1024 1434 1079 cive

250 1113 529 1171 mamertino-De
541 1112 671 1167 diversis
680 1110 860 1185 collegiolia:
868 1112 980 1182 hobal
989 1112 1133 1184 lgnaiius
1141 1116 1176 1166 ut
1185 1114 1256 1167 haec
1264 1114 1433 1185 provehan-

251 1207 316 1270 ίαν,
328 1203 357 1257 ai
369 1204 553 1257 Domenaow
569 1206 598 1256 ei
614 1200 724 1257 Natali
740 1202 895 1263 videatur,
913 1203 1045 1257 maxime
1059 1201 1087 1255 ai
1098 1202 1136 1257 ub
1150 1202 1215 1275 ipro
1227 1219 1322 1257 novos
1339 1204 1434 1259 socios

252 1309 316 1363 iton
325 1291 470 1364 postulat.
512 1290 599 1360 Quid
611 1291 767 1364 agendum
778 1292 805 1345 si
814 1296 928 1362 prorex
943 1290 1079 1358 Siciliae,
1093 1290 1156 1346 alio
1167 1293 1286 1362 misam,
1299 1292 1431 1365 aliquem

251 1398 267 1435 a
284 1381 374 1437 sociis
387 1397 487 1437 seorim
502 1380 574 1436 velit
589 1380 833 1438 adducere—De
849 1380 1013 1435 Francisco
1028 1380 1158 1453 Bargia.
1169 1412 1184 1421 -
1198 1382 1242 1437 De
1256 1382 1433 1439 Ποπιοηοεοὶ

253 1470 388 1526 aduentu
401 1471 434 1524 in
454 1470 575 1527 Urbem,

250 1668 254 1673 Α
268 1614 341 1681 Pax
356 1613 413 1681 X}

268 1733 306 1799 L’
326 1730 444 1799 ultime
460 1732 529 1796 che
544 1728 729 1795 habbiamo
745 1728 905 1796 riceuuto
922 1730 957 1795 di
974 1731 1017 1797 V.
1034 1730 1075 1797 R.
1100 1752 1185 1797 sono
1206 1730 1249 1797 de
1270 1749 1309 1797 [ο
1329 1740 1364 1797 et
1395 1747 1433 1813 17

200 1848 257 1917 del
272 1856 445 1935 promte,
462 1866 528 1912 con
544 1844 631 1912 altra
646 1846 701 1911 del
720 1847 760 1912 P.
780 1848 882 1913 Mtro.
904 1846 1051 1913 Bottello
1067 1846 1079 1879 ¹
1096 1846 1139 1914 de
1160 1864 1195 1913 11
1215 1846 1271 1915 del
1287 1844 1433 1914 medesi-

201 1985 268 2030 mo.
288 1962 332 2029 Et
347 1983 408 2048 per
423 1972 546 2047 questa
561 1959 590 2026 si
606 1960 812 2045 responderi
828 1962 975 2047 aquello
990 1964 1055 2031 che
1071 1961 1230 2047 importa.

269 2078 310 2146 Ci
326 2076 433 2143 siamo
450 2077 586 2143 molto·
606 2075 780 2163 rallegrati
800 2076 857 2144 nel
881 2074 1041 2162 Signore‚
1059 2075 1269 2145 intendendo
1291 2054 1388 2144 come
1410 2076 1434 2153 il

202 2194 244 2263 P.
261 2194 417 2262 Guttano
433 2194 446 2225 ³
463 2192 513 2258 sia
528 2191 609 2259 nelli
620 2191 725 2260 Gelui
737 2203 772 2260 et
784 2190 812 2259 s'
827 2194 968 2259 attenda
980 2192 1011 2259 al
1024 2192 1251 2261 suoriscatto.
1268 2194 1312 2260 Et
1324 2214 1432 2279 quan·

202 2322 239 2377 to
259 2332 280 2377 a
305 2308 422 2395 quello
442 2310 510 2376 che
531 2306 607 2375 dice
623 2308 667 2374 V.
691 2308 748 2387 R.‚
771 2308 825 2374 del
841 2307 1040 2394 prouedersi
1057 2330 1117 2394 per
1134 2310 1180 2375 tal
1195 2310 1326 2389 offatm,
1344 2309 1429 2376 don-

201 2424 292 2495 desi
313 2426 512 2493 doueranno
533 2426 662 2491 hauere
682 2424 706 2488 li
726 2424 858 2498 danari.
876 2425 921 2490 V.
941 2424 982 2491 R.
1009 2424 1149 2490 ‘attenda
1172 2446 1237 2510 pur
1259 2446 1325 2492 con
1350 2426 1434 2511 ogni

201 2541 374 2628 diligenza
393 2539 490 2607 aecio
511 2542 588 2621 che,
607 2551 736 2623 quanto
756 2538 861 2625 prima
883 2537 934 2605 sia
956 2537 1128 2625 possibile,
1151 2538 1181 2606 si
1197 2540 1288 2626 possi
1309 2561 1434 2609 cauare

202 2657 237 2723 di
258 2658 305 2722 tal
325 2654 480 2722 eattiuitd
501 2654 597 2721 detto
619 2654 741 2732 padre,
767 2666 803 2721 et
825 2656 917 2740 dopo
939 2676 1006 2720 non
1028 2650 1080 2743 [si]
1102 2656 1286 2722 manchera
1308 2678 1434 2743 proue-

203 2770 295 2841 dersi
316 2792 413 2838 come
434 2790 629 2856 conuenga.
652 2772 695 2836 Et
720 2772 811 2837 forse
833 2770 1018 2839 scriuendo
1039 2770 1061 2837 il
1089 2771 1209 2859 signos
1230 2772 1368 2840 Giouan
1392 2773 1434 2861 de

142 2978 145 2981 ι
207 2888 305 2975 Vega
320 2908 421 2972 sopra
433 2886 495 2967 lui,
512 2906 610 2952 come
626 2883 789 2973 religioso
806 2907 935 2971 pouero
951 2897 985 2953 et
998 2887 1153 2954 francese
1166 2888 1279 2974 (quale
1294 2908 1362 2953 non
1376 2909 1435 2973 po-

202 3014 330 3069 teuano
346 3004 422 3068 loro
438 3001 593 3089 pigliare)
609 3024 648 3071 se
663 3002 859 3070 hauerebbe
875 3002 983 3088 gratis
999 3024 1020 3067 ο
1040 3024 1121 3069 uero
1137 3025 1199 3089 per
1216 3004 1323 3069 molto
1340 3024 1432 3069 com·

202 3118 303 3187 modo
319 3140 454 3203 prezzo.
474 3120 580 3183 Basta
595 3120 646 3184 sar
663 3116 796 3183 ricordo
812 3138 832 3183 a
849 3118 893 3184 V.
910 3118 952 3187 R.
1026 3097 1028 3101 ’

267 3234 369 3301 Circa
383 3235 463 3317 quel
479 3233 711 3301 messinesse⁴
736 3244 770 3298 et
788 3232 809 3297 li
828 3248 892 3316 500
923 3250 953 3305 V
965 3231 999 3298 ,ἀί
1019 3232 1093 3300 suoi
1118 3255 1199 3319 pare
1219 3234 1275 3300 all*
1300 3237 1387 3302 hora
1406 3235 1434 3301 si

201 3350 313 3437 potria
329 3348 456 3435 meglio
474 3370 616 3434 pensare
638 3348 754 3433 quello
774 3348 803 3415 si
823 3350 973 3418 douesse
995 3350 1065 3419 iare
1086 3348 1224 3434 quando
1248 3352 1378 3419 fossero
1399 3352 1433 3417 in

254 3558 268 3587 ⁸
305 3544 388 3598 molti
403 3562 457 3597 ms.

254 3724 260 3753 ¹
301 3722 346 3776 Ex
356 3721 459 3777 codice
471 3723 590 3794 Rogat.
605 3723 647 3789 ΙΙ,
662 3722 692 3780 ff.
706 3722 835 3792 osv-por,
849 3730 915 3794 post
926 3722 1080 3793 epistolam
1092 3723 1272 3793 superiorem
1283 3722 1319 3778 ad
1331 3724 1436 3779 Dome-

202 3828 325 3867 neccum
339 3824 374 3879 27
389 3810 500 3882 Aprilis
512 3810 620 3881 datam,
637 3820 667 3865 et
680 3819 749 3865 ante
767 3812 921 3883 epistolam
940 3809 976 3865 ad
996 3810 1195 3881 Pelletarium‚
1210 3830 1285 3883 quae
1305 3814 1435 3885 proxime

201 3902 336 3974 sequitur
346 3910 376 3955 et
389 3900 468 3955 diem
483 3900 517 3955 28
531 3900 642 3973 Aprilis
655 3900 787 3955 exhibet.

254 3994 266 4024 ¹
303 3989 337 4047 P.
352 3988 477 4044 Micharil
492 3990 636 4044 Botellus.
1297 4040 1299 4045 .

254 4080 265 4111 ⁸
303 4078 335 4132 P.
348 4080 480 4149 Joanues
493 4077 654 4148 Guttanua,
668 4094 706 4131 ex
719 4077 821 4132 Sicilia
837 4078 960 4131 Romam
980 4076 1114 4146 tendens,
1135 4094 1225 4149 prope
1245 4077 1401 4150 Neapolim
1419 4098 1435 4136 a

201 4166 398 4239 praedonibus
412 4167 504 4220 turcis
517 4176 622 4238 captus
634 4176 692 4237 est,
710 4164 957 4238 quemadmodum
975 4183 1063 4238 supra
1076 4164 1218 4225 diximus.
1230 4168 1376 4237 Quamvis
1387 4186 1436 4224 au·

200 4265 261 4311 tem
273 4255 432 4325 diligenter
452 4264 599 4311 nostrates
619 4257 784 4310 niterentur
803 4255 887 4309 illum
906 4272 922 4309 e
944 4254 1069 4309 vinculis
1089 4256 1215 4326 eripere,
1236 4254 1266 4309 id
1283 4258 1435 4329 assequuti

201 4362 260 4401 non
272 4354 353 4399 eunt:
368 4345 468 4399 labore
481 4352 513 4399 et
525 4344 675 4407 aerumnis
686 4344 840 4399 coniectus
854 4345 883 4398 in
896 4343 991 4399 media
1002 4344 1147 4399 servitute
1158 4344 1285 4399 animam
1300 4346 1362 4399 Deo
1372 4346 1435 4401 red·

203 4433 289 4492 didit.

255 4527 267 4560 ⁴
304 4521 484 4597 Franciscus·
492 4522 624 4593 Porcius,
635 4522 685 4594 qui
696 4522 838 4577 Societati
849 4539 881 4577 se
891 4538 1004 4594 suaque
1015 4521 1113 4575 omnia
1123 4521 1239 4578 tradere
1250 4522 1434 4579 decreverat.

202 4614 274 4687 Ejus
290 4613 329 4668 ad
347 4612 496 4684 ignatium
515 4613 628 4667 litteras
646 4612 717 4667 alibi
730 4612 887 4669 edidimus.
904 4612 1001 4682 Epist.
1023 4612 1216 4683 Mixtae,1V,
1236 4613 1297 4681 158.
1317 4613 1364 4672 Ci.
1375 4614 1439 4670 ¹Po·

200 4715 338 4773 nnucUS,
356 4704 481 4771 chron„
495 4704 547 4771 lV,
564 4714 628 4757 211.
734 4746 738 4756 .

334 4799 436 4845 Monuit.
452 4798 667 4853 larun-evm„
683 4810 743 4844 τοι.
760 4799 807 4843 Vl.
1279 4802 1304 4845 u
