3567 5409
388 444 438 512 176
760 440 967 497 Mortuerum
991 441 1167 497 tonantem

350 596 439 663 ferto
455 597 482 661 s'
499 594 642 663 intende
657 595 817 663 andando
833 594 881 661 lui
898 615 918 660 a
934 594 1081 663 Venetia
1097 616 1119 661 0
1134 596 1222 661 altro
1242 594 1331 677 loco,
1349 596 1441 664 doue
1461 618 1530 662 non
1546 617 1580 663 et

350 710 436 779 {ussi
452 713 484 776 la
496 708 666 777 comodita
684 710 727 783 de
747 710 916 796 spendere
939 710 1028 777 nelle
1056 731 1135 778 cose
1155 732 1176 775 a
1196 710 1243 775 lui
1262 712 1468 804 necessarie
1487 710 1581 779 altri·

350 827 456 894 menti
472 820 634 913 e'meglio
650 826 793 895 seruarli
809 826 913 921 quelli
925 826 1043 895 denari
1060 848 1121 913 per
1136 826 1161 893 il
1177 827 1295 915 uiagio
1306 829 1372 893 che
1389 827 1461 895 tart
1478 848 1581 897 uerso

350 943 373 1011 il
389 964 453 1011 suo
469 965 582 1030 paese,
600 964 722 1011 senon
740 942 768 1009 si
787 943 925 1009 trouard
940 944 1031 1010 bene
1051 942 1086 1009 in
1110 955 1231 1028 questa
1247 943 1441 1030 primauera
1452 946 1477 1009 ⁸.
1502 945 1578 1011 Con

351 1069 441 1125 tutto
457 1070 593 1143 quest0‚
612 1080 649 1126 se
666 1060 709 1125 V.
729 1060 770 1125 R.
791 1068 912 1143 reputa
929 1059 996 1127 che
1011 1079 1048 1125 se
1063 1058 1087 1123 li
1103 1060 1239 1127 deuano
1250 1063 1358 1145 pagar'
1373 1060 1530 1127 altronde
1545 1061 1579 1127 le

349 1196 448 1261 spese
463 1196 537 1257 sue,
555 1196 617 1243 son
635 1185 799 1242 contento
816 1176 881 1243 che
896 1176 928 1241 le
942 1177 1054 1241 sconti
1070 1175 1150 1242 delli
1165 1174 1283 1243 denari
1306 1176 1371 1243 che
1388 1175 1410 1241 l'
1430 1175 1574 1242 habbia·

349 1311 406 1356 mo
423 1291 576 1377 prestati‚
594 1291 731 1376 quando
751 1290 926 1357 andarono
949 1289 984 1355 in
1008 1292 1162 1370 Ferrara,
1185 1301 1221 1357 et
1241 1293 1306 1358 che
1327 1290 1358 1357 ci
1375 1289 1537 1358 maudino
1553 1290 1580 1357 il

350 1417 442 1475 resto
458 1406 487 1472 si
503 1417 628 1473 stanno
644 1418 740 1473 tanto
756 1404 862 1471 ricchi
878 1407 945 1472 che
960 1405 994 1471 lo
1009 1426 1156 1492 possano
1172 1408 1256 1472 fare.

415 1521 455 1589 Li
472 1520 644 1589 Essercitii
661 1520 821 1607 stampati
843 1520 872 1588 si
889 1521 1061 1587 mandano
1081 1520 1225 1589 insieme
1244 1522 1299 1588 col
1319 1521 1524 1603 Direetorio;
1542 1537 1581 1589 et

306 1628 310 1637 “
348 1660 387 1707 se
402 1636 437 1705 di
462 1636 573 1723 questi
596 1636 654 1703 tali
676 1635 861 1705 Directorii
882 1650 917 1705 et
938 1636 1040 1705 etiam
1061 1636 1150 1705 delle
1171 1637 1292 1706 lettere
1314 1638 1474 1724 stampati
1495 1639 1575 1704 dell'

349 1752 443 1819 India
458 1753 582 1821 alcuno
597 1750 721 1821 librato
739 1750 864 1819 uolessi
881 1752 1027 1835 qualche
1044 1756 1199 1833 numero,
1217 1753 1377 1820 scriuano
1388 1776 1408 1821 a
1418 1754 1573 1823 'Vincen-

350 1891 392 1935 zo
407 1867 544 1950 librato,
564 1890 584 1934 0
601 1892 621 1935 a
638 1871 741 1937 Mtro.
759 1870 786 1935 F
788 1888 952 1935 rancesco
968 1869 1011 1936 de
1028 1868 1211 1935 Villanoua
1223 1869 1248 1937 ⁹.

414 1985 493 2051 Non
514 1984 612 2065 altro,
636 2006 673 2052 se
693 2004 763 2051 non
784 1986 850 2053 che
866 1983 921 2049 all’
940 1982 1086 2049 orationi
1106 1982 1141 2049 di
1157 1985 1200 2051 V.
1221 1986 1261 2051 R.
1287 1986 1393 2051 molto
1409 1985 1440 2052 ci
1461 2007 1577 2053 racco-

351 2098 558 2184 mandiam03
575 2112 610 2167 et
626 2120 687 2185 per
703 2100 736 2165 la
752 2100 853 2167 fretta
871 2118 941 2165 non
957 2098 1071 2165 scriuo
1087 2099 1119 2165 al
1136 2100 1177 2166 P.
1197 2102 1298 2169 Mtro.
1319 2100 1484 2167 Adriano.

414 2216 473 2285 Sia
484 2219 567 2304 Jesd
584 2214 724 2283 Christo
741 2235 806 2280 con
825 2214 917 2281 tutti.

413 2334 467 2401 De
483 2334 591 2399 Roma
612 2350 650 2415 13
667 2332 711 2399 de
722 2333 874 2419 Jennaro
897 2346 992 2415 1554.

414 2449 611 2535 Inscriptio.
631 2449 785 2515 Ferrara.
806 2448 845 2512 P.
866 2446 1058 2515 Pelletario.

915 2592 1020 2673 4065

542 2726 682 2793 PATRI
705 2723 908 2793 CAESARI
932 2725 1114 2793 HELMIO
1139 2726 1209 2793 EX·
1225 2726 1382 2819 COMM.

743 2861 831 2904 110111
853 2846 1140 2918 13],1110110111554
1161 2851 1180 2908 ¹.

347 2976 393 3032 De
409 2975 563 3031 sodalibus
581 2973 702 3047 collegii
721 2973 915 3031 veneti.-Da
932 2975 1128 3043 asportandis
1145 2975 1336 3047 lignis—De
1348 2976 1579 3046 coquo-Liber

398 3116 403 3123 .
415 3066 456 3120 ad
466 3064 630 3136 patavinus
642 3062 989 3121 mittitur.-Sodatium
1003 3062 1089 3117 labor
1102 3080 1139 3118 ne
1151 3064 1236 3118 ultra
1250 3064 1330 3121 vires
1341 3072 1505 3139 augeatur.

414 3193 487 3258 Pax
503 3190 644 3259 Christi.

412 3308 636 3394 Responderi>
652 3306 685 3371 in
706 3307 809 3373 breue
826 3328 846 3372 a
862 3308 975 3391 quelle
990 3305 1025 3372 di
1043 3325 1086 3390 30
1097 3307 1142 3375 de
1155 3307 1337 3375 Dicembre
1349 3318 1385 3377 et
1397 3309 1419 3375 6
1430 3310 1486 3376 del
1498 3331 1577 3395 pre-

347 3435 456 3493 sente.
1163 3419 1167 3424 ’

414 3539 514 3607 Circa
536 3538 692 3605 Arnoldo
714 3538 739 3619 ³,
763 3539 881 3605 Tadeo
898 3539 910 3571 ³
927 3551 962 3605 et
974 3541 1063 3626 Joan
1082 3540 1236 3606 Antonio
1257 3540 1477 3627 neapolitano
1498 3542 1511 3573 ⁸
1532 3539 1580 3607 mi

347 3654 483 3723 rimetto
497 3677 518 3721 a
532 3655 646 3739 quello
663 3654 692 3720 si
707 3656 726 3721 e
743 3653 863 3720 scritto
876 3654 962 3721 altra
979 3655 1085 3723 uolta.

413 3774 478 3841 Del
497 3769 741 3837 incommoditd
762 3771 817 3836 del
840 3772 967 3855 portar'
990 3771 1021 3836 la
1042 3770 1146 3858 legna
1167 3782 1251 3852 eto,
1275 3772 1310 3837 in
1332 3783 1457 3858 questo
1482 3794 1579 3841 mezo

351 3896 544 3907 ...ι-...-

398 3946 409 3977 ³
447 3942 545 4013 Epist.
560 3940 686 4009 Mixtus,
699 3941 753 4011 tv,
768 3952 818 3995 201
835 3950 866 3995 et
879 3952 942 4009 207.
1058 3936 1064 3949 '

399 4034 411 4066 ⁰
448 4030 524 4086 Vide
535 4030 676 4103 epistolas
687 4028 760 4098 4058
774 4036 804 4083 et
817 4043 900 4099 4059.

402 4186 411 4217 ¹
450 4186 494 4239 Ex
507 4184 609 4239 codice
625 4184 742 4256 Regest.
761 4182 800 4247 II,
817 4180 867 4239 fol.
882 4180 943 4242 301.

400 4280 410 4310 ¹
450 4272 761 4329 ArnoldusConchus.

398 4366 409 4397 ³
446 4362 622 4418 Thaddaeus
636 4361 789 4433 Amaroni,
803 4360 949 4417 senensis.

396 4458 407 4489 ⁴
444 4454 513 4524 Hic,
524 4464 556 4507 ut
569 4470 606 4508 ex
621 4452 755 4507 hocloco
769 4459 862 4523 patet,
876 4452 952 4506 alius
966 4460 1013 4505 est
1025 4468 1043 4505 a
1060 4452 1176 4521 Joanne
1195 4452 1338 4523 Antonio,
1358 4453 1521 4525 eugubino,
1540 4453 1576 4510 de

343 4560 401 4618 quo
413 4550 505 4613 agunt
521 4542 592 4597 titt.
608 4541 788 4610 Quadrim.,
802 4540 839 4610 11,
853 4552 917 4609 551,
932 4540 1069 4595 Venetiis
1083 4540 1259 4611 20Januarii
1275 4554 1344 4611 1554
1357 4541 1455 4599 datae.
1474 4542 1577 4600 caete·

343 4652 407 4689 rum
421 4632 458 4687 de
472 4632 517 4687 his
532 4632 621 4687 sociis
635 4630 792 4687 videantur
805 4630 949 4703 epistolae
963 4646 1046 4703 4009,
1061 4644 1132 4699 4017
1147 4638 1177 4686 et
1191 4631 1275 4701 4018.
