3567 5409
562 488 820 560 Er1sr.4346.-7
840 490 968 547 Aemus
989 502 1057 560 1554

756 646 864 728 4346

488 728 626 836 enum
642 770 817 858 Jonuur
843 770 1136 837 pennernnro
1194 778 1196 781 ·

624 897 741 953 1101117
756 898 879 941 neumis
895 896 964 953 1554
977 884 998 939 ¹.

197 1008 348 1082 Magnum
361 1026 391 1066 se
399 1028 436 1065 ex
448 1008 608 1065 Pelletarii
616 1009 728 1064 litteris
739 1009 905 1079 percepisse
911 1010 1064 1081 gaudium
1073 1009 1385 1083 significan-Inna&
1396 1016 1429 1066 ut

254 1098 361 1156 Oluvii
378 1104 471 1171 opero
491 1103 598 1154 etaim
619 1100 661 1154 od
680 1099 816 1155 Renutas
833 1100 1068 1157 conversionem.
1077 1100 1154 1154 -Ds
1172 1101 1260 1157 sociis
1281 1102 1314 1156 in
1338 1102 1429 1157 Flan-

251 1190 357 1243 drium
365 1187 554 1247 ituris-De
566 1188 658 1243 Petro
668 1186 805 1243 Atriensi
814 1206 883 1243 cum
892 1187 958 1242 alio
967 1189 1190 1245 commutando.
1198 1189 1307 1245 -Cum
1318 1192 1429 1259 multa,

252 1295 346 1349 eoque
358 1278 486 1349 optima,
499 1273 679 1348 offerantur
692 1276 836 1332 Societmi
848 1276 989 1351 collegia,
1002 1280 1155 1349 cogitatur
1168 1280 1204 1333 ds
1216 1280 1378 1335 educendis
1386 1299 1430 1337 so·

253 1367 308 1422 ciis
320 1384 357 1423 ax
368 1368 443 1433 loco,
456 1366 507 1420 ubi
519 1366 640 1421 minore
652 1382 719 1420 cnm
727 1364 838 1436 fructu
851 1366 1045 1425 adlaborant.

270 1513 344 1578 Pax
360 1512 417 1578 X.¹

270 1625 483 1694 Charissimo
498 1624 532 1691 in
549 1624 615 1693 X.⁰
633 1627 755 1693 Padre.

272 1742 504 1832 Riceuessimo
519 1742 632 1827 quelle
640 1743 684 1809 de
701 1742 744 1808 V.
760 1744 817 1822 R,
835 1741 952 1809 scritte
964 1740 987 1807 il
1003 1740 1144 1828 giouecn
1161 1753 1273 1823 santo,
1293 1744 1385 1828 quali
1399 1744 1431 1811 ci

203 1847 321 1927 hanno
336 1858 432 1925 datto
447 1858 552 1924 molta
568 1856 785 1925 edificatione
795 1868 830 1924 et
846 1858 1094 1939 consolatione3
1109 1868 1144 1926 et
1160 1878 1230 1925 non
1243 1860 1433 1927 solamente

203 1998 224 2043 a
239 1974 310 2056 noi,
328 1997 384 2040 ma
398 1974 502 2043 etiam
518 1972 574 2042 alli
589 1972 691 2060 primi
706 1972 741 2039 di
766 1971 877 2058 questi
893 1972 1069 2053 cardinali,
1087 1996 1108 2041 a
1131 1972 1187 2040 chi
1207 1974 1229 2038 l’
1249 1973 1431 2041 habbiamo

203 2102 379 2172 mostrata,
397 2101 433 2160 et
447 2088 550 2158 etiam
566 2112 587 2157 a
603 2091 639 2158 S.
659 2092 696 2159 S.
718 2090 760 2155 Et
775 2110 842 2155 con
857 2090 987 2170 effetto,
1006 2111 1066 2176 per
1082 2110 1196 2157 essere
1214 2101 1337 2175 questa
1354 2111 1435 2159 cosa

204 2194 301 2275 tanto
318 2206 432 2273 uicina
447 2222 482 2273 et
499 2204 596 2293 quasi
613 2205 692 2272 nelli
712 2204 812 2271 occhi
828 2206 863 2272 di
880 2216 969 2271 tutta
986 2206 1093 2286 ltalia,
1116 2228 1154 2273 se
1171 2196 1265 2273 lddlo
1282 2207 1326 2275 N.
1345 2208 1384 2276 S.
1403 2208 1434 2275 le
1464 2234 1470 2249 ·

205 2325 287 2390 dara
298 2322 540 2410 compimentO,
554 2322 630 2390 sari
647 2331 769 2387 atutta
785 2332 907 2407 questa
918 2320 1011 2387 sedin
1028 2322 1215 2409 apostolica
1229 2344 1296 2390 una
1312 2322 1432 2409 singu-

206 2440 256 2507 lar
270 2438 518 2507 consolatione.
537 2437 681 2508 Sforzisi
696 2451 711 2477 ⁸
731 2439 891 2522 adunque
914 2438 946 2503 la
964 2439 1003 2505 R.
1024 2418 1067 2506 V.
1085 2438 1130 2505 de
1147 2438 1197 2505 lar
1207 2439 1262 2506 del
1279 2460 1343 2505 suo
1355 2460 1434 2506 can·

207 2566 243 2622 to
258 2543 388 2640 quanto
403 2554 426 2620 li
443 2556 518 2621 sera
535 2553 695 2640 possibile
711 2576 776 2620 con
792 2556 815 2618 l'
833 2554 929 2621 aiuto
944 2552 958 2593 b
973 2553 1104 2633 diuin03
1124 2553 1228 2621 chesi
1244 2555 1435 2623 solamente

206 2692 267 2757 per
278 2683 404 2755 questo
415 2672 533 2738 efferto
547 2672 637 2736 fosse
650 2670 812 2736 mandato
823 2681 835 2710 ⁰
848 2670 882 2736 in
895 2650 1050 2751 Ferrara,
1066 2668 1156 2737 saria
1168 2670 1275 2736 molto
1287 2672 1354 2739 ben
1367 2670 1434 2737 col·

206 2788 318 2855 locata
333 2786 417 2873 ogni
433 2785 553 2873 fatiga.
659 2819 662 2826 ¹

273 2902 314 2969 El
331 2905 371 2969 P.
390 2904 451 2968 Dr.
472 2902 597 2982 Olane,
621 2903 720 2987 quale
736 2905 755 2969 ὲ
777 2886 916 2988 passato
937 2902 1049 2988 questi
1065 2901 1177 2987 giomi
1201 2922 1261 2987 per
1277 2904 1432 2981 Ferrara,

207 3028 334 3105 poteua
350 3018 438 3084 assai
453 3017 597 3100 alutare,
615 3040 653 3087 se
676 3018 813 3085 hauessi
830 3030 951 3104 potuto
976 3017 1107 3104 pariare
1123 3032 1158 3084 et
1179 3018 1353 3103 disputare
1370 3040 1434 3085 con

207 3134 365 3201 medama
380 3135 407 3208 ';
426 3143 514 3201 etse
530 3154 599 3199 non
622 3135 644 3199 l’
663 3136 707 3202 ha
723 3136 810 3201 fatto
833 3133 890 3200 all'
908 3135 1048 3216 andare,
1068 3135 1112 3201 V.
1131 3136 1172 3201 R.
1192 3134 1226 3199 lo
1243 3134 1434 3219 procureal

207 3260 345 3318 tornare
360 3272 437 3329 suo,
451 3250 579 3337 perche
591 3252 628 3319 S.
648 3250 687 3317 E.
700 3251 755 3319 del
768 3251 857 3317 duca
872 3252 895 3315 l’
911 3251 1038 3318 hauerd
1052 3252 1158 3316 molto
1173 3273 1193 3317 a
1210 3271 1301 3328 caro,
1319 3248 1435 3315 inten-

207 3365 322 3432 dendo
339 3366 371 3432 la
386 3386 533 3450 persona
548 3368 614 3434 che
630 3366 700 3452 egli
716 3366 746 3433 ὲ.

276 3481 301 3546 ll
319 3484 359 3547 P.
378 3482 480 3549 Mtro.
499 3480 669 3566 Quintino
685 3483 712 3562 ⁸,
730 3481 871 3551 insieme
882 3503 947 3548 con
965 3480 1020 3548 doi
1038 3480 1114 3547 altri
1126 3481 1300 3567 partirono
1315 3480 1431 3547 dome·

208 3595 286 3663 nica
301 3607 449 3683 passata,
466 3596 577 3683 primo
592 3596 647 3663 del
662 3610 832 3683 presente,
851 3598 941 3684 dopo
958 3596 1145 3685 mangiare,
1162 3598 1195 3664 la
1213 3597 1305 3665 uolta
1320 3596 1355 3662 di
1369 3596 1435 3663 Ve-

208 3712 301 3781 netia
316 3734 376 3798 per
396 3715 531 3780 Pesaro.
551 3713 594 3779 V.
611 3714 651 3779 R.
670 3714 774 3781 credo
785 3713 913 3781 hauertl
930 3712 1086 3780 riceuuto
1102 3714 1135 3781 le
1147 3728 1275 3794 nostre,
1295 3713 1387 3781 doue
1398 3733 1435 3778 se

209 3826 233 3893 li
248 3827 338 3894 dana
359 3827 461 3896 iretta
480 3828 513 3894 al
534 3829 696 3895 mandare
717 3828 740 3894 il
763 3830 803 3898 P.
826 3832 928 3897 Mtro.
953 3828 1107 3897 Adriano
1128 3829 1141 3862 ⁴
1162 3828 1196 3894 in
1218 3828 1378 3908 Venetia,
1401 3837 1437 3894 et

209 3964 311 4030 spero
330 3945 612 4030 quandoquesta
632 3944 749 4010 scriuo
769 3948 845 4012 sara
866 3946 991 4031 partito
1012 3967 1071 4031 per
1091 3946 1198 4011 andar
1218 3944 1253 4011 di
1276 3944 1320 4024 lrl,
1343 3944 1436 4010 doue

263 4173 278 4199 ⁸
314 4156 458 4213 Sforsassi
474 4174 530 4212 ms.
569 4160 619 4201 —b
638 4160 666 4213 la
687 4159 770 4213 aiuto
784 4177 840 4213 ms.
883 4173 932 4203 -e
954 4158 1029 4215 iussi
1053 4158 1182 4215 mandati
1202 4176 1259 4215 ms.

265 4358 274 4388 ⁴
312 4354 356 4408 Ex
369 4354 473 4409 codice
488 4354 604 4428 Regem.
619 4354 851 4426 1111141151.

264 4443 276 4476 ⁹
311 4441 425 4498 Reuata
438 4442 589 4499 Ferrarius
604 4442 732 4501 ducissa.
748 4444 824 4501 Vide
836 4446 993 4518 epistolam
1005 4443 1077 4515 43³4
1089 4455 1121 4501 et
1133 4446 1226 4518 ipsius
1240 4445 1389 4501 Pelleterii
1402 4444 1439 4501 sd

210 4531 359 4604 ignatium
371 4531 496 4588 litteras.
512 4532 610 4603 Epist.
625 4532 749 4602 Mixtus,
765 4534 818 4605 lv,
834 4547 961 4605 119121.

264 4624 276 4655 ⁸
313 4621 476 4694 Quintium
488 4620 633 4679 Charlart.

265 4714 276 4745 ⁴
313 4710 461 4766 Adrianus
474 4709 637 4769 Candidus.
