3567 5409
411 459 464 516 272
804 450 1010 505 Monurtcmu
1032 449 1210 506 lunatione

442 603 583 688 Quanto
600 605 743 692 aJouan
761 602 929 682 francese,
948 603 1039 670 forsa
1054 605 1142 672 seria
1158 605 1247 672 bene
1266 605 1351 682 [arlo
1368 627 1414 672 vn
1426 627 1514 692 pooo
1526 618 1600 674 stu-

374 718 469 784 diare
485 739 546 805 per
561 719 740 787 attendere
753 741 772 784 a
785 741 852 785 vna
864 720 974 789 classe
987 721 1115 802 intimn;
1134 720 1259 806 perche
1275 721 1310 786 di
1327 743 1396 806 qua
1412 723 1457 790 ha
1471 722 1607 790 seruito

373 835 409 902 in
425 855 560 902 camera
582 833 617 901 di
635 836 679 902 N.
700 837 742 904 Ρ.
764 835 879 901 alcuni
897 838 993 914 mesi,
1012 849 1047 904 et
1062 857 1198 922 sempre
1214 837 1245 903 ei
1262 838 1280 903 ἐ
1298 858 1400 923 parso
1416 838 1507 905 buon
1525 838 1608 925 gio·

375 972 477 1031 uano,
495 963 529 1020 et
546 950 576 1018 si
592 972 660 1018 non
678 951 753 1019 serti
770 952 1002 1022 conueniente
1018 952 1103 1019 farlo
1118 973 1293 1020 canauaro
1309 976 1330 1018 ο
1345 953 1431 1021 darii
1446 975 1533 1021 cura
1546 955 1608 1024 dei

374 1067 469 1145 vino,
488 1087 557 1132 non
575 1070 829 1135 mancheranno
845 1066 923 1134 altri
938 1067 1049 1149 offitii3
1068 1070 1112 1134 ne
1128 1068 1174 1134 lui
1188 1070 1316 1136 benerit
1328 1068 1388 1154 piri
1400 1069 1454 1137 del
1467 1068 1602 1150 debito,

374 1205 412 1250 se
429 1206 497 1252 non
517 1183 538 1248 li
555 1187 632 1251 sard
645 1187 741 1265 darn,
761 1187 805 1251 ne·
820 1184 868 1250 lui
885 1185 918 1250 lo
934 1189 1034 1270 saprit
1050 1196 1200 1253 trottare.
1293 1205 1297 1211 ’

441 1301 540 1368 Delie
555 1302 646 1370 bone
662 1322 767 1388 opere
782 1301 986 1370 cominciate
1003 1300 1039 1367 in
1055 1301 1201 1370 Milazzo
1216 1299 1242 1335 ’⁰
1262 1301 1488 1388 ringratiamo
1508 1302 1610 1369 iddio

374 1417 418 1484 N.
438 1417 474 1486 S.
494 1397 523 1484 1¹⁴:
539 1438 625 1504 gran
642 1438 723 1484 cosa
738 1419 805 1485 che
821 1417 844 1482 il
860 1415 1014 1504 principe
1030 1417 1081 1485 sia
1096 1427 1193 1484 tanto
1209 1416 1374 1484 inclinato
1389 1441 1410 1486 a
1427 1419 1490 1486 iar'
1509 1440 1611 1488 esse-

375 1532 463 1618 quir'
480 1532 564 1620 ogni
581 1533 669 1602 bene
689 1535 754 1602 che
777 1533 825 1620 gii
847 1531 898 1600 sia
918 1543 1153 1620 reprmentato
1174 1555 1234 1619 per
1255 1535 1387 1601 aiutare
1410 1533 1434 1599 il
1454 1535 1525 1602 ben
1547 1553 1612 1600 co·

375 1669 490 1716 mune.

442 1764 543 1833 Circa
558 1767 591 1832 la
607 1765 726 1853 vigna,
749 1786 830 1852 pare
850 1765 883 1834 la
904 1766 1082 1833 economia
1103 1767 1230 1834 bunna.
1253 1766 1320 1835 Del
1343 1777 1434 1832 tutto
1454 1765 1485 1832 si
1505 1787 1612 1834 serua

376 1881 483 1949 iddio.

444 1999 492 2070 La
509 1999 670 2064 mandata
686 1997 721 2064 in
737 1999 879 2085 Spagna
899 1997 955 2066 del
977 1997 1110 2066 fratello
1130 1995 1322 2066 Domenioo
1343 2016 1423 2084 pare
1444 1996 1496 2064 sia
1510 2008 1612 2064 -stata

377 2112 600 2202 ragioneuole
617 2135 679 2200 per
696 2125 799 2182 conto
814 2113 895 2183 deil'
912 2114 1037 2181 abatia.
1056 2115 1198 2200 Quanto
1213 2115 1247 2180 al
1263 2114 1315 2182 far
1329 2113 1428 2182 venir
1442 2124 1554 2201 gente
1575 2113 1612 2180 di

376 2229 548 2311 Valentia,
568 2230 673 2297 credo
689 2227 710 2296 i'
726 2229 867 2300 haueria
877 2211 969 2296 'fatto
984 2229 1009 2295 il
1026 2232 1065 2298 P.
1085 2231 1187 2297 Mtro.
1206 2229 1316 2296 Nadal
1330 2222 1399 2295 ¹con
1414 2227 1472 2315 pib
1489 2228 1610 2314 giudi·

376 2345 426 2413 tio
442 2347 508 2415 che
524 2345 726 2414 Domenico
746 2347 818 2414 Pur
833 2346 1003 2434 spei-inmo
1018 2345 1116 2413 Iddio
1129 2346 1164 2412 lo
1179 2343 1324 2432 guiderri
1338 2346 1379 2411 ²¹.

441 2464 495 2530 De
511 2461 695 2529 Ambrosio
711 2483 780 2530 non
797 2463 925 2529 accade
940 2460 993 2528 dir
1008 2462 1097 2530 altro
1111 2483 1151 2530 se
1165 2482 1234 2528 non
1251 2463 1318 2529 che
1333 2462 1403 2528 han
1415 2463 1504 2528 fatto
1518 2461 1612 2529 bene

375 2578 419 2645 de
435 2599 503 2644 non
520 2576 569 2664 gli
585 2577 684 2645 darii
701 2595 744 2644 20
766 2591 816 2660 νς
835 2579 962 2664 perche
978 2599 1081 2645 sanza
1100 2579 1125 2643 l'
1142 2578 1228 2644 altre
1248 2597 1365 2660 cause,
1387 2575 1437 2644 lui
1457 2575 1557 2646 disse
1577 2576 1612 2646 la

375 2693 481 2780 bugin
507 2704 639 2778 quanto
662 2693 718 2760 alii
738 2694 869 2775 denari3
892 2693 921 2762 si
942 2691 1044 2762 uiene
1063 2692 1100 2759 di
1118 2713 1189 2780 qua
1209 2692 1388 2762 intenderd
1408 2694 1525 2779 quello
1548 2695 1609 2761 ch'

374 2813 485 2877 estio.
825 2827 827 2832 ·

441 2929 495 2996 De
507 2927 620 3014 Jouan
638 2927 792 2995 Antonio
808 2927 1041 3013 neapolitano,
1059 2928 1157 2994 basta
1173 2926 1288 3010 quello
1304 2928 1370 2992 che
1388 2925 1424 2991 di
1444 2945 1552 3013 sopra
1571 2925 1613 2995 fu

375 3044 484 3124 detto;
502 3045 568 3110 che
584 3044 628 3111 N.
649 3046 689 3111 Ρ.
709 3065 814 3130 pensa
828 3042 851 3108 l'
869 3043 999 3111 hauerit
1020 3042 1161 3109 nociuto
1182 3043 1340 3110 metterio
1360 3042 1449 3108 neila
1469 3062 1554 3109 casa
1575 3042 1612 3108 di

375 3159 592 3244 probatione.
617 3159 662 3226 Di
683 3158 806 3246 Napoii
827 3157 989 3226 scriuono
1011 3159 1034 3223 li
1058 3158 1168 3225 nostri
1192 3170 1322 3242 quanto
1346 3157 1414 3224 mal
1436 3169 1610 3227 contento

374 3284 473 3342 staua
489 3276 544 3343 del
561 3297 623 3342 suo
641 3276 733 3356 fallo,
751 3287 785 3344 et
807 3275 893 3344 altre
914 3276 1009 3343 uoite
1028 3274 1057 3341 si
1077 3295 1136 3341 era
1157 3284 1289 3341 tentato
1311 3273 1384 3358 qui,
1408 3283 1444 3342 et
1464 3274 1560 3360 dopo
1580 3273 1612 3341 si

375 3389 537 3460 riduceua
554 3393 655 3474 bene3
673 3389 703 3460 si
720 3394 785 3460 che
801 3411 883 3477 pare
899 3390 928 3457 si
945 3411 1043 3458 corse
1059 3402 1193 3476 troppo.

440 3505 540 3575 Circa
557 3506 580 3573 il
597 3507 720 3594 pigliar
736 3505 854 3574 danari
876 3507 1027 3575 secondo
1049 3508 1081 3572 la
1103 3505 1206 3587 bolla,
1229 3526 1299 3572 non
1323 3526 1406 3590 pare
1425 3502 1477 3571 sia
1498 3504 1606 3584 male,

373 3645 441 3690 non
465 3623 624 3690 hauendo
645 3623 732 3690 altra
753 3621 891 3710 miglior
913 3622 981 3704 via;
1005 3642 1074 3708 qua
1092 3621 1116 3687 li
1137 3620 1246 3708 pigiio
1264 3620 1298 3687 io
1320 3617 1505 3689 uoluntieri
1523 3641 1546 3686 a
1567 3637 1608 3688 12

374 3761 434 3824 per
455 3757 529 3821 too,
548 3752 583 3808 et
599 3761 664 3827 pur
679 3741 785 3806 molto
801 3739 830 3806 si
846 3750 973 3820 stenta3
991 3751 1028 3807 et
1043 3760 1104 3824 per
1119 3759 1188 3804 non
1206 3758 1332 3819 grauar
1348 3737 1392 3803 V.
1412 3737 1452 3803 R.
1473 3757 1549 3803 non
1561 3739 1610 3803 ho

374 3895 570 3908 ιι*

416 3972 440 4008 ¹⁰
475 3971 637 4045 Oppidum,
650 3970 729 4044 quod
742 3973 780 4026 ab
792 3969 923 4044 antiquis
935 3969 1090 4025 dicebatur
1103 3969 1211 4040 Mylae.
1226 3969 1272 4022 De
1285 3985 1322 4023 eo
1335 3967 1518 4023 mentionem
1531 3967 1609 4025 iacit

372 4062 552 4134 Potentem,
569 4061 696 4128 chron„
709 4061 745 4131 11,
759 4073 822 4130 552:
882 4059 1162 4131 «nobilisquaedam
1175 4067 1207 4112 et
1215 4057 1303 4114 diver
1312 4069 1456 4129 matrona,
1511 4058 1609 4115 domi·

371 4169 408 4207 nn
421 4153 572 4210 Donata...
588 4151 704 4208 vineam
717 4149 874 4222 quamdam
888 4166 947 4206 non
959 4150 1049 4219 longe
1062 4149 1102 4203 ab
1114 4146 1223 4221 oppido
1233 4147 1344 4221 Mylliu,
1357 4147 1610 4221 vigintiquatuor

370 4242 500 4298 millibus
519 4257 659 4314 patruum
680 4241 813 4296 Messana
832 4238 1005 4304 distantem,
1023 4237 1159 4308 Coiiegio
1175 4237 1308 4308 donavit,
1326 4254 1405 4310 quae
1421 4238 1609 4310 amplissime

370 4339 463 4388 erat.»
476 4329 526 4388 Ci.
544 4331 737 4400 Fruuntur»,
765 4327 892 4385 Lexicon
902 4329 1157 4402 geographiam,
1171 4327 1196 4399 1,
1208 4340 1275 4396 452.

414 4421 436 4453 ¹⁵
474 4441 525 4480 u...
540 4417 714 4474 Dominicur
727 4417 802 4474 Riva
815 4418 967 4475 missurio
979 4418 1154 4490 Hispaniam
1164 4433 1182 4472 e
1192 4416 1225 4475 P.
1237 4417 1421 4489 Hieronymo
1430 4415 1607 4474 Domenech

371 4519 403 4565 ut
416 4509 530 4582 aliquos
540 4507 680 4580 juvenes,
697 4507 748 4579 qui
765 4506 802 4562 ad
820 4506 1001 4562 Societatem
1018 4507 1200 4580 aspirabunt,
1212 4507 1243 4562 in
1261 4503 1393 4561 Siciliam
1409 4503 1605 4564 deduceret.»

370 4601 553 4668 Poenicum
569 4597 762 4664 Chron.,1V‚
777 4609 839 4656 212.
854 4596 891 4650 Et
904 4595 1079 4652 Domintcus
1091 4594 1222 4669 quidem,
1236 4594 1345 4666 norgia
1356 4604 1389 4651 et
1405 4595 1506 4654 Natali
1521 4594 1607 4670 ediu-

369 4689 521 4758 vantibus,
534 4687 671 4744 undecim
684 4685 780 4742 socios
794 4694 931 4742 vertente
945 4702 1022 4742 enno
1034 4703 1136 4749 secum
1146 4683 1281 4742 deduxit.
