3567 5409
358 470 412 540 248
735 471 942 528 Monunnnrn
962 472 1143 529 lonanana
1241 512 1245 518 .

322 623 391 707 siti,
407 634 444 691 et
460 619 619 694 massime
634 645 704 693 non
721 625 868 696 essendo
883 625 1026 692 fundata
1041 625 1063 690 l’
1079 645 1185 712 opera
1198 622 1234 691 di
1251 626 1382 692 Perosa
1401 625 1428 691 ⁴.
1451 625 1558 711 Dopo

322 741 388 808 che
405 741 438 808 la
454 739 580 809 vnione
595 739 671 808 sara
688 741 784 822 satta,
805 754 841 810 et
856 741 1008 809 stabilito
1021 739 1045 808 il
1062 741 1249 820 temporale
1263 741 1300 807 in
1315 741 1419 808 modo
1436 742 1503 809 che
1523 739 1557 808 si

323 857 499 940 potessino
524 867 689 924 trattener
712 857 772 944 piri
796 856 996 924 numero-di
1019 877 1179 944 persone,
1204 855 1350 925 sarebbe
1376 854 1437 942 pio
1459 854 1557 922 licito

324 971 473 1058 spogliar
498 973 583 1040 altre
605 975 718 1041 bande
741 994 803 1060 per
825 954 956 1042 vestire
975 971 998 1039 il
1022 971 1170 1059 collegio
1187 972 1223 1040 di
1245 973 1387 1052 Perosa,
1408 972 1500 1040 doue
1518 971 1556 1038 la

323 1087 539 1174 Compagnia
554 1087 656 1155 insin'
674 1089 796 1156 adesso
819 1089 907 1158 uede
926 1090 960 1155 la
979 1091 1020 1156 R.
1045 1089 1089 1156 V.
1115 1087 1149 1154 lo
1170 1086 1318 1176 aggiuto
1337 1089 1403 1154 che
1422 1085 1553 1168 neem,

322 1223 392 1268 non
408 1203 436 1270 si
456 1205 673 1278 trattenendo
690 1203 788 1288 quasi
804 1183 957 1272 nessuno
970 1203 1006 1270 in
1024 1205 1167 1286 Perosa,
1184 1205 1252 1272 che
1267 1223 1337 1270 non
1357 1201 1409 1269 sia
1428 1221 1559 1289 operat

324 1317 374 1383 rio
391 1318 482 1388 nelle
497 1340 577 1386 cose
593 1317 762 1405 spirituali
776 1340 799 1385 o
814 1321 906 1390 nelle
922 1319 1058 1400 lettere,
1077 1341 1098 1385 o
1115 1317 1295 1401 seruitore;
1311 1327 1348 1385 et
1362 1337 1427 1405 pur
1445 1318 1479 1384 la
1497 1339 1556 1384 ra·

323 1434 407 1519 gion
426 1436 574 1502 vorebbe
590 1437 667 1516 che,
685 1437 776 1503 doue
791 1435 821 1502 si
838 1435 931 1502 tiene
947 1445 1044 1503 tanto
1063 1456 1208 1504 numero
1229 1435 1264 1500 d'
1289 1432 1447 1522 operarii,
1468 1432 1554 1502 fossi

323 1552 446 1617 alcuno
462 1571 607 1619 nurnero
621 1551 665 1618 de
680 1551 842 1634 scholari,
861 1551 953 1637 quali
968 1552 1027 1619 col
1047 1561 1163 1638 tempo
1183 1550 1285 1620 etiarn
1307 1548 1446 1636 possino
1467 1571 1554 1636 ope·

323 1685 412 1734 rare.
435 1667 478 1732 Et
502 1665 590 1733 seria
614 1667 702 1735 ben'e
727 1667 778 1734 far
800 1667 919 1754 capaci
942 1678 1065 1753 queste
1089 1687 1249 1752 persone,
1272 1667 1368 1733 accio
1389 1667 1458 1734 che
1483 1686 1554 1732 non

323 1781 467 1866 pensino
484 1783 536 1848 far
551 1792 659 1862 tanto,
678 1785 743 1850 che
758 1803 827 1851 non
843 1783 1032 1852 dooeriano
1048 1784 1100 1850 sar
1120 1784 1229 1850 molto
1250 1782 1322 1869 piri,
1340 1781 1503 1850 masaime
1522 1780 1554 1849 si

323 1895 595 1965 considerassino
611 1901 676 1967 che
692 1900 725 1965 la
740 1898 956 1986 Compagnia
972 1910 1088 1965 nostra
1100 1899 1120 1966 ὲ
1132 1897 1298 1967 ricercata
1310 1897 1346 1964 in
1358 1907 1456 1966 tante
1468 1898 1553 1964 ban-

323 2015 377 2091 de,
395 2024 430 2078 et
448 2033 517 2079 non
533 2017 603 2100 ρυὸ
619 2017 760 2082 acettar'
778 2013 916 2102 collegii
932 2014 1062 2083 tondati
1078 2035 1144 2081 con
1164 2013 1290 2081 intrata
1310 2024 1346 2082 et
1367 2012 1450 2100 ogni
1472 2033 1554 2080 cosa

324 2148 384 2212 per
401 2129 546 2196 carestia
561 2131 605 2196 de
621 2142 739 2218 gente.

389 2243 414 2309 il
431 2265 500 2310 non
517 2245 687 2312 mandarsi
703 2247 735 2313 le
751 2246 872 2314 lettere
888 2267 950 2332 per
965 2245 989 2311 il
1005 2244 1191 2314 secretario
1208 2245 1263 2313 del
1284 2243 1458 2312 cardinale
1473 2265 1553 2331 pro·

322 2357 406 2425 cede
421 2359 456 2425 di
472 2365 577 2428 esser’
595 2372 696 2428 santo
715 2360 829 2428 Pietro
845 2361 952 2428 molto
967 2359 1118 2428 discosto
1133 2359 1169 2426 di
1182 2373 1299 2428 nostra
1316 2381 1406 2429 casa.

393 2475 460 2543 Del
483 2476 592 2542 irutto
615 2477 705 2544 nelle
727 2497 808 2544 cose
831 2475 997 2562 spirituali
1019 2486 1056 2544 et
1075 2476 1192 2543 schole
1212 2475 1245 2542 ci
1266 2475 1482 2563 rallegriamo
1498 2474 1553 2542 nel

325 2587 455 2676 Signor
470 2599 599 2659 nostro.

388 2705 425 2774 Si
444 2705 595 2776 seriuera
615 2729 635 2774 a
656 2707 791 2776 Vienna
812 2729 914 2794 sopra
934 2709 1014 2792 quel
1030 2707 1161 2794 figliolo
1177 2707 1335 2794 rinegato
1355 2709 1423 2775 che
1443 2717 1498 2775 sta
1514 2704 1552 2772 in

328 2821 438 2887 Buda.

393 2934 419 3002 Il
445 2937 578 3004 fratello
602 2941 706 3008 Mtro.
733 2937 855 3007 Mieael
872 2937 1017 3026 Vignes,
1042 2938 1130 3007 sesi
1152 2938 1290 3019 manda,
1311 2938 1354 3005 V.
1378 2939 1420 3006 R.
1443 2937 1554 3005 faccia

326 3053 440 3138 quello
456 3055 521 3122 che
537 3054 635 3141 potra
653 3077 715 3141 per
730 3055 791 3135 lui,
809 3067 844 3124 et
860 3076 928 3141 qua
943 3055 980 3122 in
996 3056 1105 3122 Roma
1117 3059 1195 3123 sarai
1207 3054 1310 3123 etiam
1324 3053 1481 3123 riceuuto
1495 3073 1555 3120 uo-

325 3166 474 3237 lontieri.

389 3284 434 3353 V.
455 3286 494 3352 R.
513 3283 545 3350 ci
561 3284 649 3354 auisi
665 3307 702 3354 se
719 3287 875 3374 potriano
892 3287 1020 3357 ritener
1036 3288 1070 3353 la
1087 3286 1203 3353 alcuni
1219 3285 1264 3352 de
1276 3284 1348 3372 pisa
1362 3297 1397 3355 et
1408 3286 1465 3352 all'
1478 3307 1554 3352 ora-

323 3397 409 3465 tioni
424 3421 487 3467 sue
504 3400 583 3467 tutti
600 3401 632 3468 ci
650 3403 957 3470 raccomandiamo.

390 3515 434 3582 Di
452 3517 559 3583 Roma
576 3533 618 3600 27
634 3517 668 3583 di
684 3519 850 3586 Gennaro
871 3533 969 3602 1554.

392 3631 590 3717 Inscriptio.
613 3633 750 3702 Perosa.
770 3635 872 3702 Mtro.
893 3632 1083 3702 Euerard0.

457 3916 598 3984 PATRI
622 3918 868 3986 LUDOVICO
893 3796 1155 3987 giiiJDRETO
1180 3919 1242 3984 EX
1266 3918 1419 3987 COMM.

720 4044 1028 4103 aona271nnunan
1050 4045 1118 4103 ¹554
1139 4033 1157 4092 ⁸.

410 4155 464 4210 Vir
477 4155 638 4229 religiosus
654 4155 692 4212 Ο.
708 4158 741 4212 S.
756 4155 803 4223 F„
815 4157 1006 4214 Florentiam
1017 4157 1222 4230 proficiscens,
1235 4158 1474 4214 commandatur.

391 4281 463 4348 Pax
480 4281 625 4350 Christi.

391 4397 416 4462 Il
432 4409 605 4483 portatore
621 4399 710 4466 della
726 4413 885 4486 presente
900 4400 919 4467 ὲ
935 4421 982 4466 vn
1000 4401 1112 4468 Padre
1127 4400 1297 4486 spagnolo
1310 4399 1366 4467 del
1382 4397 1502 4465 ordine
1520 4397 1557 4466 di

377 4558 390 4592 ⁴
426 4556 473 4613 Cf.
489 4559 671 4634 PoinncUS,
687 4560 878 4632 Chron.,1V‚
894 4534 956 4634 i453
973 4573 1101 4631 147450·

380 4704 389 4738 ¹
427 4701 471 4756 Ex
484 4701 586 4758 codice
601 4703 719 4776 Regeat.
735 4705 775 4772 II,
791 4705 843 4760 iol.
856 4721 925 4775 aov.
