3567 5409
412 512 466 581 44⁶
786 512 992 568 Mouuusnra
1016 510 1195 569 lours-mua

443 665 532 732 Cum
555 664 600 733 de
619 664 829 732 medicorum
852 663 996 732 consilio
1019 666 1063 731 ad
1086 664 1266 733 sanitatem
1289 664 1441 751 corporis
1461 676 1497 732 et
1516 664 1616 732 uires

376 778 657 867 recuperandasb
680 779 742 847 tibi
762 780 955 865 necessaria
978 792 1071 851 esset
1097 779 1186 848 aeris
1213 780 1374 861 mutatio,
1403 792 1439 849 et
1465 780 1613 866 quidem

377 918 499 964 uersus
520 896 677 963 natiuum
698 896 848 977 solum',
872 916 948 977 nos,
974 896 1032 982 qui
1054 909 1088 963 te
1108 896 1152 963 ad
1173 896 1237 964 Dei
1258 897 1402 983 gloriam
1423 908 1458 965 et
1472 895 1611 963 anima·

376 1032 452 1079 rum
476 1010 641 1081 auxilium
660 1011 756 1079 iuxta
778 1007 928 1078 instituti
950 1010 1058 1079 nostri
1080 1011 1245 1079 rationem
1268 1012 1377 1079 multo
1393 1011 1503 1100 magis
1530 1011 1614 1077 ido-

376 1148 479 1195 neum
497 1126 581 1209 fore,
600 1127 629 1194 si
646 1125 790 1214 pristine
805 1124 943 1194 sanitati
960 1127 1125 1209 reddaris,
1151 1126 1397 1207 existimamus,
1417 1128 1613 1213 parendum

375 1262 453 1312 esse
478 1241 724 1329 aliquantisper
749 1242 961 1311 medicorum
990 1242 1135 1311 consilio
1161 1242 1406 1311 iudicauimus.
1436 1242 1613 1311 Mittimus

375 1380 461 1447 ergo
473 1369 520 1442 te,
539 1360 645 1425 frater
659 1356 872 1440 charissime,
892 1380 1014 1429 uersus
1038 1358 1183 1445 patriam
1202 1371 1308 1441 tuam,
1326 1371 1365 1426 ut
1381 1358 1440 1440 ibi,
1458 1371 1493 1427 et
1509 1356 1609 1436 alibi,

375 1475 405 1541 si
418 1472 530 1562 magis
542 1474 701 1541 conferre
714 1474 902 1542 ualetudini
919 1485 999 1543 tuae
1015 1473 1204 1561 putaueris,
1218 1496 1370 1552 maneas,
1384 1496 1452 1541 non
1469 1487 1508 1541 ut
1523 1494 1609 1561 sep-

377 1602 516 1677 paratus
531 1611 550 1655 a
567 1589 702 1677 gremio
716 1588 900 1659 Societatis
916 1604 1066 1669 nostrae,
1084 1592 1145 1657 sed
1161 1603 1200 1657 ut
1212 1611 1290 1657 curn
1305 1589 1449 1657 maxime
1460 1590 1610 1657 coniun-

376 1704 480 1794 [c]tus
503 1717 539 1773 et
562 1715 701 1773 sanctae
728 1705 903 1773 charitatis
929 1718 1033 1793 atque
1061 1706 1276 1775 obedientiae
1300 1706 1439 1773 uinculo
1464 1703 1610 1775 eidem‘

376 1819 507 1887 unitus.

443 1935 562 2004 Liceat
584 1936 688 2006 etiam
710 1935 790 2018 tibi,
815 1937 1093 2024 quandocunque
1121 1936 1156 2005 id
1184 1936 1363 2024 placuerit,
1393 1936 1436 2003 ad
1457 1932 1605 2026 qua[m]·

375 2074 526 2139 cumque
542 2054 680 2121 domum
698 2053 753 2121 uel
769 2053 955 2140 collegium
972 2062 1110 2121 nostrae
1130 2053 1311 2123 Societatis
1328 2064 1362 2121 te
1378 2052 1547 2131 conferre,
1567 2064 1604 2122 et

327 2234 332 2241 .
374 2168 537 2236 omnibus
552 2167 754 2256 priuilegiis,
772 2169 894 2257 gratiis
908 2178 944 2236 et
960 2168 1200 2257 prerogatiuis,
1222 2169 1349 2255 quibus
1364 2180 1466 2237 antea
1482 2169 1605 2237 uteba-

375 2283 434 2365 ris,
453 2284 528 2352 siue
543 2280 610 2377 qd]
626 2296 734 2365 tuam,
751 2284 826 2352 siue
840 2286 885 2352 ad
901 2284 1044 2353 aliorum
1061 2283 1326 2363 edificationem,
1345 2283 1406 2350 uti.

442 2401 485 2466 Et
505 2399 540 2466 in
561 2402 686 2467 horum
702 2399 948 2482 testimonium,
973 2410 1045 2467 tum
1062 2400 1106 2467 ad
1125 2396 1358 2467 conscientiae
1381 2411 1463 2468 tuae
1478 2398 1604 2467 securi-

373 2526 492 2598 tatem,
519 2528 591 2583 tum
618 2517 662 2583 ad
685 2516 852 2583 rationem
880 2515 956 2586 aliis
980 2514 1229 2605 redldkndam,
1255 2518 1317 2582 has
1343 2514 1460 2583 literas
1488 2530 1603 2581 nostra

375 2652 480 2699 manu
507 2632 717 2718 subscriptas
732 2641 767 2701 et
787 2628 929 2718 sigillod
956 2630 1140 2701 Societatis
1157 2642 1295 2699 nostrae
1322 2628 1512 2719 [munitas.
1543 2631 1598 2699 de·

375 2747 501 2815 dimus.
663 2740 668 2751 ’

444 2866 574 2932 Romae
595 2881 635 2930 to
648 2861 705 2931 die
721 2861 848 2930 mensis
864 2862 978 2929 Martii
999 2878 1097 2947 1554.

443 2978 592 3047 strutus.
612 2977 750 3047 Lettere
766 2976 994 3046 testimoniali.
1000 2998 1061 3063 per
1075 2976 1100 3043 il
1119 2980 1163 3053 P„
1178 2978 1289 3045 Viola.

640 3282 778 3349 PATRI
798 3158 989 3371 JOANtilz
992 3160 1134 3351 5131‘JI'AE
1161 3282 1337 3352 VlOLAE

782 3409 871 3452 auur
893 3408 926 3451 ιο
945 3410 1055 3453 uanru
1076 3410 1144 3468 ¹554
1164 3400 1184 3460 ¹.
1260 3470 1263 3477 Ἰ

442 3540 592 3595 Potestote
604 3540 742 3595 Mutetur
753 3540 943 3611 experiendi
956 3540 990 3596 in
1001 3543 1144 3612 proprios
1158 3558 1227 3597 usus
1238 3540 1389 3612 quidquid
1402 3538 1532 3595 uoluerit

742 3628 779 3683 ds
788 3627 929 3700 parantis
942 3628 1076 3685 Parmae
1086 3631 1226 3703 receptis.

440 3771 597 3860 lgnatius
613 3784 681 3842 etc.

437 3888 574 3958 Dilecto
595 3888 631 3955 in
656 3886 722 3957 X?
743 3888 837 3954 fratri
863 3902 991 3969 nostro,
1020 3891 1114 3977 Mag.
1145 3888 1319 3975 Baptistae
1338 3899 1353 3930 ⁸
1381 3886 1513 3967 Violae,
1541 3906 1593 3953 sa-

371 4005 491 4071 lutem.

435 4119 524 4186 Cum
542 4130 577 4185 te
594 4130 848 4205 procuratorem
864 4117 1084 4201 constituam,
1108 4118 1306 4187 charissime
1323 4120 1440 4200 frater,
1458 4140 1519 4205 per
1535 4138 1595 4204 pu-

425 4282 439 4323 b
476 4278 701 4353 recuperandas.
739 4294 789 4323 -ο
807 4279 916 4336 eiidem
929 4296 985 4337 ms.
1023 4281 1073 4323 -d
1093 4278 1182 4349 sigilu
1195 4296 1251 4338 ma.

427 4438 441 4466 ι
477 4421 688 4479 Battistaema.

421 4569 433 4600 ¹
470 4566 630 4621 Parmense
642 4565 768 4621 scilicet.
783 4564 926 4621 Videatur
940 4566 1122 4635 PocauctJS,
1139 4564 1265 4631 chron„
1279 4564 1331 4637 w,
1345 4562 1380 4636 39
1392 4573 1424 4621 et
1436 4580 1482 4635 40.

423 4718 432 4752 ¹
470 4717 515 4771 Ex
527 4718 708 4791 apographo,
723 4718 754 4774 in
766 4718 869 4775 codice
882 4718 1004 4775 Deerat.
1018 4727 1048 4775 et
1060 4720 1163 4784 inser„
1177 4717 1227 4775 lol.
1240 4716 1369 4789 43v·441.
