3567 5409
587 514 690 570 EPts‘r.
710 512 981 582 φιλ-3141111111
1002 525 1070 583 ¹⁵54
1357 513 1410 583 413

278 665 381 733 Circa
396 666 598 733 Hieronimo
612 677 647 735 et
663 668 684 731 l’
701 668 789 732 altro
809 665 969 747 Attonso‚
996 688 1054 751 per
1078 668 1111 733 la
1132 668 1252 733 lettera
1269 668 1312 735 de
1328 668 1373 735 N.
1402 669 1443 734 P.

206 782 340 849 dederit
356 784 401 850 V.
421 783 462 848 R.
480 783 595 865 quello
610 782 641 850 si
656 781 768 848 debbe
785 781 869 862 fare,
887 792 959 847 eta
976 782 1089 866 quella
1107 781 1153 847 mi
1166 781 1303 849 rimetto
1317 782 1342 849 ⁸.

280 902 314 965 Α
326 886 426 966 Mtro.
445 898 603 966 Vicentio
620 902 631 932 ¹
646 898 676 964 si
688 898 707 965 ὲ
720 899 852 984 parlato
865 897 962 964 accio
975 898 1089 963 mandi
1102 897 1124 962 li
1144 898 1332 966 Direttorii.
1350 902 1447 967 Man·

205 1016 256 1080 do
272 1014 377 1081 etiam
392 1015 516 1081 alcone
532 1016 654 1082 lettere
669 1014 703 1079 di
721 1014 836 1100 quelle
858 1014 939 1081 dell'
959 1014 1054 1079 India
1069 1034 1134 1080 con
1161 1013 1248 1095 loro,
1266 1026 1303 1081 et
1323 1014 1381 1101 gia
1403 1017 1449 1082 ho

207 1131 301 1197 fatto
312 1129 418 1197 buoni
430 1129 454 1195 ii
465 1130 584 1197 danari
599 1154 621 1197 a
636 1130 740 1214 quelli
758 1132 824 1197 che
841 1132 955 1195 hanno
972 1127 1115 1215 pigliato
1132 1131 1270 1197 cura‘dc
1283 1144 1450 1217 stampar-

208 1245 249 1327 1i;
268 1258 304 1314 et
319 1245 344 1313 li
359 1262 402 1330 45
419 1246 594 1314 Direttorii
613 1246 657 1312 mi
674 1258 818 1313 costano
836 1266 854 1329 3
871 1244 970 1312 scudi
983 1246 1016 1310 d'
1035 1267 1096 1311 oro
1113 1247 1183 1313 dati
1197 1270 1216 1337 a
1231 1259 1379 1314 costoro.
1483 1298 1485 1302 ,

284 1362 350 1429 Del
364 1360 522 1448 predicar
537 1362 571 1427 di
589 1363 632 1429 V.
651 1363 693 1430 R.
712 1360 747 1427 in
763 1373 863 1428 santo
879 1363 1068 1447 Stephane,
1094 1383 1162 1428 non
1180 1364 1209 1428 c'
1232 1364 1250 1429 ὲ
1273 1363 1361 1430 altro
1385 1366 1451 1431 che

211 1478 302 1557 dire,
319 1499 439 1544 senon
456 1478 524 1544 che
539 1475 606 1544 Dio
628 1478 673 1545 N.
698 1478 735 1546 S.
758 1478 787 1543 si
807 1497 909 1543 serua
932 1476 1022 1544 della
1038 1498 1101 1543 sua
1123 1479 1250 1563 parole:
1277 1490 1313 1545 et
1337 1478 1379 1545 V.
1408 1482 1449 1545 R.

212 1615 287 1659 non
304 1592 388 1680 pigli
404 1614 488 1679 peso
504 1593 606 1678 quale
621 1614 690 1660 non
708 1614 807 1677 possa
823 1603 972 1678 portare3
992 1594 1087 1678 parlo
1103 1593 1192 1661 delle
1210 1592 1350 1660 fatiche.

285 1712 319 1775 A
333 1710 434 1775 Mtro.
453 1710 645 1775 Francesco
662 1710 674 1743 ⁸
691 1708 819 1774 scriuo:
838 1710 881 1774 V.
904 1710 942 1775 R.
957 1710 1055 1794 potrd
1069 1708 1155 1775 darli
1167 1720 1297 1777 serrata
1310 1731 1373 1776 sua
1391 1710 1454 1777 let-

216 1837 304 1893 tera.
327 1826 439 1893 Sanza
454 1846 517 1891 sua
533 1822 718 1891 deuotione
734 1845 801 1889 non
819 1846 901 1909 pare
916 1844 936 1889 a
952 1822 997 1890 N.
1018 1825 1057 1889 P.
1076 1824 1106 1889 si
1122 1823 1246 1892 debbia
1265 1824 1316 1891 far
1339 1845 1453 1894 sacer-

214 1942 312 2009 dote.
329 1942 393 2007 Del
410 1940 602 2008 concederli
616 1938 753 2006 licentia
765 1960 825 2025 per
837 1940 970 2025 parlare
983 1960 1003 2003 a
1014 1938 1120 2023 quelli
1134 1939 1316 2021 forastieri,
1330 1962 1352 2007 o
1370 1961 1453 2022 non,

217 2057 266 2125 V.
284 2058 327 2124 R.
345 2054 433 2122 sacia
447 2077 548 2122 come
564 2052 693 2141 meglio
710 2056 733 2119 li
750 2055 869 2141 pareri
886 2054 921 2120 in
938 2054 1105 2126 Domino.

287 2171 389 2239 Circa
404 2172 436 2238 le
451 2192 530 2238 case
545 2182 720 2256 comprate
736 2167 766 2236 c'
783 2172 801 2235 e
820 2191 888 2236 una
905 2180 1039 2238 atacata
1056 2171 1122 2237 alla
1139 2192 1219 2238 casa
1239 2183 1372 2255 nostra,
1389 2174 1457 2239 che

217 2288 458 2354 chiamauamo
470 2288 504 2354 la
516 2289 624 2356 Torre
636 2289 727 2354 Rosa
738 2288 763 2354 ⁹.
778 2286 816 2355 Si
829 2286 970 2373 compro
984 2286 1087 2353 etiam
1105 2285 1163 2353 un'
1176 2289 1295 2355 altraa
1312 2288 1455 2374 rimpet-

221 2411 258 2468 to
274 2404 364 2471 della
379 2402 471 2489 logia
483 2404 539 2471 del
552 2402 668 2469 ducha
684 2400 721 2473 ¹⁰.
737 2404 871 2469 Perche
884 2403 917 2468 la
928 2402 1046 2471 chiesa
1059 2402 1164 2489 piglia
1175 2404 1207 2469 la
1222 2402 1289 2482 uia,
1305 2414 1340 2472 et
1353 2402 1456 2471 etiam

219 2520 336 2603 quelle
357 2540 436 2585 case
455 2519 536 2585 detl'
561 2520 646 2586 altra
669 2519 794 2598 banda,
818 2540 885 2585 non
910 2520 942 2585 c'
971 2520 989 2585 ὲ
1012 2520 1059 2585 fin
1082 2520 1204 2587 adesso
1238 2520 1455 2600 cominciata‚
1534 2555 1539 2569 ι

220 2636 355 2701 benche
370 2634 398 2701 si
416 2657 477 2701 son
496 2634 621 2720 portati
634 2636 729 2721 molti
746 2633 924 2715 materiali,
945 2636 1070 2720 perche
1088 2658 1133 2702 un
1151 2634 1267 2703 uicino
1279 2633 1310 2701 ei
1324 2638 1369 2702 ha
1382 2658 1459 2722 per-

222 2750 363 2816 turbato
377 2764 413 2820 et
429 2752 608 2819 molestato
624 2771 688 2816 con
705 2749 776 2817 lite.
796 2750 862 2817 Dio
878 2750 901 2816 li
917 2751 1071 2837 perdoni.
1090 2750 1158 2819 Gia
1175 2753 1298 2819 adesso
1318 2750 1346 2817 si
1373 2772 1460 2819 con-

223 2866 364 2935 cluderd
381 2879 502 2953 questa
520 2887 612 2947 cosa,
632 2880 666 2934 et
683 2866 781 2951 potrd
799 2864 1017 2933 cominciarsi
1035 2868 1067 2933 la
1083 2866 1210 2936 chiesa.

290 2984 344 3052 De
359 2972 505 3051 Venetia
518 3003 624 3066 penso
641 2983 848 3049 manderano
865 3004 883 3048 a
901 2984 944 3049 V.
966 2985 1006 3049 R.
1027 3004 1097 3049 uno
1113 2983 1280 3065 siciliano,
1299 2982 1456 3050 chiama-

225 3111 261 3165 to
277 3100 305 3165 F
306 3099 409 3165 abbio
428 3102 464 3177 ¹¹,
484 3099 590 3165 molto
606 3099 675 3164 bon
690 3098 835 3185 figlioio;
853 3120 891 3167 se
907 3120 976 3166 non
993 3100 1021 3165 si
1039 3098 1168 3167 trouasi
1182 3100 1271 3169 bene
1284 3098 1319 3165 in
1333 3102 1361 3165 F
1363 3121 1458 3168 erra-

225 3236 276 3295 ra,
296 3214 325 3282 si
342 3215 438 3300 potrd
456 3214 598 3281 mandat
614 3213 693 3295 piati
711 3214 813 3300 piano
829 3211 918 3303 alda]
938 3217 1031 3283 uolta
1047 3215 1082 3281 di
1101 3216 1218 3283 Roma.

293 3332 346 3399 De
362 3332 504 3397 mandar
519 3353 579 3416 per
596 3332 628 3397 la
644 3330 765 3397 cocina
782 3331 910 3401 alcuno
926 3332 969 3397 de
985 3331 1093 3398 nostri
1110 3331 1246 3425 fratelli,
1270 3354 1338 3400 non
1360 3352 1460 3399 acca-

224 3448 459 3531 desperatae,
478 3448 601 3531 perche
614 3446 774 3513 affaticha
792 3446 975 3513 habbiamo
990 3469 1051 3533 per
1066 3448 1136 3514 noi.
1158 3450 1211 3517 De
1228 3449 1337 3517 Santo
1357 3452 1379 3484 ¹¹
1399 3448 1458 3536 git

225 3561 255 3629 si
270 3564 291 3629 ὁ
306 3562 403 3628 detto
417 3584 536 3647 spesse
553 3564 657 3641 nolte,
674 3565 739 3629 che
755 3563 790 3627 io
806 3563 968 3629 mandino
984 3582 1051 3629 con
1068 3563 1147 3643 Dio,
1166 3586 1204 3631 se
1216 3587 1284 3632 non
1303 3564 1325 3630 li
1339 3565 1458 3633 satisfit

226 3676 250 3743 il
270 3699 336 3744 suo
356 3677 510 3761 seruiti03
534 3681 600 3745 che
621 3676 669 3743 lui
692 3679 779 3763 parti
800 3676 982 3745 licenciato
1003 3679 1037 3744 di
1061 3680 1181 3746 Roma.
1204 3681 1246 3745 Et
1263 3680 1461 3750 finalmente

280 3930 294 3964 ⁴
329 3930 375 3983 De
386 3928 552 3984 candidatis
563 3926 600 3983 ad
610 3929 791 3983 Societatem
805 3928 997 3985 admittendis
1016 3931 1116 4000 procul
1136 3928 1227 3985 dubio
1243 3946 1340 3985 termo
1353 3941 1408 3999 est,
1424 3927 1461 3984 de

225 4036 285 4092 qua
296 4036 329 4074 re
342 4018 478 4075 videatur
490 4019 617 4093 epistola
629 4031 710 4088 4222.
726 4019 897 4092 Alphonaus
911 4036 993 4089 vero,
1010 4020 1062 4091 qui
1080 4020 1128 4075 hic
1146 4019 1324 4089 nominatur,
1345 4018 1462 4075 videtur

227 4126 294 4163 esee
308 4110 478 4181 Alphoasus
491 4108 642 4163 sacratus.
656 4108 839 4179 Potamos,
857 4108 983 4172 Cicron„
997 4109 1049 4179 IV,
1062 4122 1109 4177 91.

249 4184 252 4190 ’
285 4202 293 4230 ²
331 4198 518 4267 vincentius,
532 4196 704 4268 1111110ρο11.

281 4291 294 4321 “
331 4285 505 4343 Franciscus
518 4287 628 4359 Scipio.
643 4285 719 4341 Vide
730 4286 883 4358 epistolam
899 4295 1084 4358 sequentem.

282 4380 295 4410 ⁹
333 4378 514 4446 Ponticus,
531 4376 656 4440 chron„
670 4376 722 4447 tv,
740 4389 782 4432 1ο.

275 4468 298 4499 '⁰
334 4466 456 4521 Scilicet
474 4466 525 4521 ubi
541 4465 689 4538 quondam
706 4466 893 4520 habitaverat
915 4464 1032 4536 Borgia,
1056 4481 1123 4519 cum
1148 4481 1225 4519 anno
1250 4478 1319 4535 1550
1340 4466 1463 4521 Romam

230 4555 324 4612 venit.

277 4646 297 4680 ¹¹
335 4646 446 4701 Fabius
459 4644 617 4701 Basilicus.

276 4739 297 4770 ¹¹
332 4737 378 4791 De
391 4751 439 4805 eo,
452 4736 571 4790 nomine
583 4744 635 4790 aut
647 4733 824 4803 cognomine
837 4732 958 4802 omisso,
972 4732 1183 4804 saepedictum
1197 4742 1253 4792 eat.
