3567 5409
543 510 646 564 Ertsr.
665 507 803 576 ,itta-3
823 509 950 563 Aratus
974 520 1040 577 1554
1323 520 1377 576 559

169 641 439 751 promiseramus
455 666 497 731 ad
513 677 636 729 nutum
653 663 806 731 eiusdem
826 663 916 731 Rmi.
940 663 1130 729 labacensis
1150 684 1211 730 eos
1231 662 1409 730 dimitten-

171 782 251 847 dos.
271 783 485 865 Responsum
502 780 569 844 illis
587 779 662 859 luit,
681 800 746 845 nos
767 778 905 864 quidem
929 790 1065 865 paratos
1084 798 1161 845 esse
1182 779 1410 863 quandocun-

173 919 245 982 que
274 908 437 982 patronus
465 896 522 962 hic
543 894 736 963 communis
757 894 839 981 ipsis
858 907 894 963 et
915 894 1017 961 nobis
1037 916 1098 981 per
1118 916 1198 961 suas
1221 893 1354 960 litteras
1379 895 1413 959 id

174 1028 322 1099 peteret;
340 1014 401 1079 sed
417 1033 481 1078 nos
497 1012 582 1078 tales
598 1033 667 1077 non
683 1010 858 1095 accepisse
874 1010 1083 1093 litteraset,
1101 1032 1187 1094 quas
1205 988 1278 1095 ipsi
1295 1021 1406 1077 osten·

176 1130 319 1207 debant,
337 1128 454 1214 potius
470 1128 512 1193 ad
528 1127 756 1212 explorandos
777 1148 895 1192 eorum
917 1128 1062 1206 animos,
1085 1147 1187 1212 quarn
1210 1127 1254 1191 ad
1275 1146 1415 1193 reuoca·

179 1244 308 1312 tionem
333 1244 515 1329 pertinere.
540 1242 669 1310 Addidi
690 1242 806 1321 etiarn,
832 1255 869 1308 ut
890 1243 1061 1321 uiderent,
1085 1264 1128 1308 ne
1151 1241 1233 1328 quid
1253 1242 1416 1311 sinistrae

180 1358 381 1444 suspitionis
397 1358 575 1425 iniicerent
596 1358 630 1424 in
652 1358 804 1425 animum
826 1359 915 1425 Rmi.
939 1357 1103 1445 episcopi,
1126 1378 1204 1423 cum
1228 1378 1289 1443 per
1310 1357 1414 1425 trien·

181 1475 277 1542 nium
294 1473 321 1555 δ,
342 1496 386 1542 ne
403 1484 661 1552 reuocarentur,
680 1494 794 1539 coram
811 1474 979 1559 egissent,
1000 1484 1035 1542 et
1051 1473 1117 1539 iam
1135 1484 1204 1539 tam
1220 1473 1358 1540 solicite
1380 1486 1415 1543 et

180 1592 377 1676 importune
393 1592 437 1657 de
452 1590 607 1656 discessu
619 1600 775 1675 agerent,
791 1589 989 1674 praesertim
1003 1609 1084 1655 cum
1098 1589 1163 1656 iam
1178 1590 1417 1657 commendas·

181 1716 263 1774 sent
290 1706 362 1771 sois
391 1705 512 1774 litteris
535 1708 632 1771 ano.
657 1704 818 1791 episcopo
839 1708 980 1773 Mtrum.
1005 1705 1216 1783 Hubertum,
1240 1705 1416 1772 hominem

185 1821 483 1889 commendatione
499 1820 693 1907 indignum3
713 1830 748 1889 et
764 1819 901 1889 errandi
918 1820 1133 1888 occasionem
1155 1820 1303 1907 optimae
1320 1842 1417 1889 men-

185 1937 229 2003 tis
244 1950 280 2003 et
296 1937 482 2022 singularis
497 1936 634 2023 pietatis
649 1936 793 2003 antistiti
809 1936 1061 2022 praebuissent.
1080 1937 1226 2002 Demum
1244 1934 1271 2001 si
1291 1938 1420 2003 uellent

185 2053 251 2137 ipsi
267 2054 441 2131 recedere,
464 2073 528 2119 nos
549 2052 685 2119 vincula
709 2074 778 2118 non
800 2052 1001 2131 iniecturos,
1024 2053 1086 2119 sed
1107 2053 1198 2119 bona
1218 2058 1297 2119 cum
1319 2052 1420 2121 venia

185 2168 336 2254 collegii,
353 2178 387 2234 et
404 2168 619 2254 beneplacito
635 2189 768 2250 eorum,
786 2168 845 2252 qui
868 2174 1050 2264 praesunt,¹
1065 2188 1137 2247 eos,
1161 2169 1273 2237 donec
1299 2170 1417 2235 Rmus.

186 2305 345 2369 expresse
371 2284 537 2352 scriberet
564 2305 660 2351 suam
686 2297 847 2364 mentem,
874 2306 944 2349 non
967 2304 1175 2351 recessuros.
1199 2284 1257 2353 Sic
1282 2286 1421 2353 demum

189 2400 449 2484 acquieuerunt,
468 2410 507 2465 ut
524 2400 685 2467 uidelicet
700 2410 920 2486 expectarent
937 2401 1047 2466 donec
1065 2402 1182 2467 Rmus.
1207 2421 1304 2466 suam
1328 2422 1421 2469 men·

190 2526 259 2581 tem
272 2514 491 2600 exprimeret.

257 2632 435 2697 Hactenus
456 2632 592 2697 narraui
613 2654 701 2716 quae
723 2632 929 2697 uidebantur
948 2633 1129 2710 narranda;
1152 2630 1233 2717 iam,
1255 2631 1284 2697 si
1307 2634 1349 2699 V.
1379 2635 1420 2701 R.
1495 2706 1498 2715 ,

190 2758 321 2832 peteret
335 2748 420 2830 quid
436 2769 499 2813 nos
513 2748 702 2816 sentiamus
717 2749 890 2833 agendum
907 2768 983 2815 esse
999 2768 1020 2813 a
1039 2748 1135 2813 lima.
1155 2750 1311 2831 praesule
1328 2748 1423 2817 laba-

190 2880 294 2929 cense
307 2875 345 2928 ut
361 2865 482 2928 horum
498 2864 754 2932 adolescentum
771 2865 890 2929 morbo
906 2861 1145 2941 subueniatur,
1165 2863 1283 2949 paucis
1299 2864 1423 2931 dicam.

259 2978 375 3044 Primo
391 2977 541 3064 quidem,
560 2979 681 3047 litteris
693 2977 881 3046 acrioribus
893 2978 1069 3046 uideretur
1080 2978 1130 3043 eis
1141 2978 1423 3064 significandum,

191 3094 285 3176 quod
299 3092 456 3179 displicet
473 3098 570 3162 Rmo.
589 3096 752 3183 episcopo
769 3107 863 3161 tanta
881 3092 1053 3162 festinatio
1070 3104 1242 3180 tamquam
1261 3095 1427 3163 immatu-

192 3230 243 3287 ra,
256 3221 292 3274 et
308 3208 418 3296 magis
430 3210 543 3276 adhuc
554 3230 680 3278 causae
693 3208 932 3289 festinationis,
947 3231 1036 3293 quae
1049 3210 1222 3291 videntur,
1236 3212 1279 3278 ad
1294 3213 1426 3277 nullum

194 3325 377 3392 honesturn
394 3326 497 3393 finem
514 3347 613 3410 posse
628 3325 759 3405 reduci,
777 3337 811 3392 et
828 3326 920 3409 quod
943 3324 1117 3392 fastidium
1140 3327 1267 3413 optime
1288 3325 1422 3394 institu-

195 3451 308 3507 torum
325 3441 529 3520 studiorum,
548 3453 584 3508 et
599 3425 782 3509 Societatis
799 3451 867 3509 tam
890 3438 1005 3528 pilale,
1022 3454 1057 3507 et
1081 3441 1292 3527 disciplinae,
1311 3441 1429 3511 nescio

196 3555 279 3639 quid
294 3555 493 3642 suspitionis
509 3557 631 3623 merito
648 3558 704 3626 uel
720 3556 840 3624 inuitis
855 3556 1022 3627 obtrudit.

264 3676 317 3739 2.⁰
363 3674 416 3741 Ne
436 3672 590 3759 cogitent
610 3676 653 3742 de
672 3694 811 3741 recessu
832 3694 893 3760 per
915 3674 1087 3760 integrum
1107 3675 1295 3772 biennium,
1318 3676 1430 3745 donec

197 3788 400 3857 eruditiores
419 3800 455 3858 et
470 3789 505 3855 in
522 3790 621 3857 bonis
636 3790 789 3857 moribus
808 3789 1025 3871 maturiores,
1047 3788 1223 3873 adiuncto,
1241 3789 1311 3858 imo
1327 3812 1429 3877 prae-

198 3904 269 3985 uio,
296 3904 490 3973 testimonio
514 3928 646 3987 eorum,
671 3906 731 3992 qui
754 3906 939 3993 collegium
964 3906 1199 3999 germanicum
1223 3920 1365 3995 regunt,
1389 3926 1432 3973 eo

198 4021 439 4109 commigrent:
463 4022 591 4107 alioqui
606 4045 645 4090 se
660 4044 729 4089 non
751 4044 851 4109 posse
872 4022 1044 4109 suspectis
1065 4022 1268 4091 hominibus
1285 4022 1402 4091 ovium
1419 4034 1433 4063 ⁸
1474 4065 1481 4079 ·

198 4136 334 4204 illarum
350 4158 468 4203 curam
485 4138 713 4219 committere,
731 4160 818 4224 quas
835 4140 942 4205 verbo
957 4152 992 4206 et
1010 4142 1167 4226 exemplo
1181 4141 1268 4207 sorte
1285 4141 1433 4209 subuer-

202 4264 325 4321 terent.

270 4368 322 4454 3.⁰
368 4371 415 4437 Vt
435 4382 570 4451 curent,
588 4393 657 4436 non
679 4373 788 4438 solum
811 4372 855 4438 ab
875 4375 1057 4441 haeresum
1074 4384 1183 4459 peste,
1201 4374 1262 4439 sed
1285 4372 1388 4441 etiam
1413 4396 1435 4439 a

201 4484 304 4551 modo
318 4485 479 4570 loquendi
495 4505 575 4552 cum
591 4485 770 4553 haereticis
786 4486 963 4552 communi
981 4486 1152 4568 recedere,
1175 4486 1435 4568 etnobedientes

259 4736 273 4777 t
310 4731 540 4788 trienniennium
554 4752 609 4787 ms.
649 4748 698 4777 -ι
716 4734 795 4789 oium
808 4752 863 4789 ms.
