<?xml version="1.0" encoding="UTF-8"?>
<!DOCTYPE html PUBLIC "-//W3C//DTD XHTML 1.0 Transitional//EN"
    "http://www.w3.org/TR/xhtml1/DTD/xhtml1-transitional.dtd">
<html xmlns="http://www.w3.org/1999/xhtml" xml:lang="en" lang="en">
 <head>
  <title>
</title>
<meta http-equiv="Content-Type" content="text/html;charset=utf-8" />
  <meta name='ocr-system' content='tesseract 3.04.00' />
  <meta name='ocr-capabilities' content='ocr_page ocr_carea ocr_par ocr_line ocrx_word'/>
</head>
<body>
  <div class='ocr_page' id='page_1' title='image "./monumentaignati01ignagoog_0617.png"; bbox 0 0 3567 5409; ppageno 0'>
   <div class='ocr_carea' id='block_1_1' title="bbox 545 490 1062 581">
    <p class='ocr_par' dir='ltr' id='par_1_1' title="bbox 545 490 1062 581">
     <span class='ocr_line' id='line_1_1' title="bbox 545 490 1062 581; baseline 0.017 -39"><span class='ocrx_word' id='word_1_1' title='bbox 545 495 649 550; x_wconf 74' lang='lat' dir='ltr'><strong>Epm.</strong></span> <span class='ocrx_word' id='word_1_2' title='bbox 669 490 824 564; x_wconf 76' lang='lat'>⁴371--15</span> <span class='ocrx_word' id='word_1_3' title='bbox 844 496 972 550; x_wconf 69' lang='lat' dir='ltr'>Aponus</span> <span class='ocrx_word' id='word_1_4' title='bbox 994 506 1062 581; x_wconf 77' lang='grc'>1554</span> 
     </span>
    </p>
   </div>
   <div class='ocr_carea' id='block_1_2' title="bbox 308 653 1299 844">
    <p class='ocr_par' dir='ltr' id='par_1_2' title="bbox 308 653 1299 844">
     <span class='ocr_line' id='line_1_2' title="bbox 308 653 1299 844; baseline 0.004 -4"><span class='ocrx_word' id='word_1_5' title='bbox 308 774 449 841; x_wconf 82' lang='lat' dir='ltr'><strong>PATRI</strong></span> <span class='ocrx_word' id='word_1_6' title='bbox 474 775 736 843; x_wconf 87' lang='lat' dir='ltr'>ALPHONSO</span> <span class='ocrx_word' id='word_1_7' title='bbox 759 653 1035 843; x_wconf 47' lang='lat' dir='ltr'><strong>§ZVMERONI</strong></span> <span class='ocrx_word' id='word_1_8' title='bbox 1059 776 1121 841; x_wconf 90' lang='lat' dir='ltr'>EX</span> <span class='ocrx_word' id='word_1_9' title='bbox 1146 776 1299 844; x_wconf 92' lang='lat' dir='ltr'><strong>COMM.</strong></span> 
     </span>
    </p>
   </div>
   <div class='ocr_carea' id='block_1_3' title="bbox 604 894 1012 960">
    <p class='ocr_par' dir='ltr' id='par_1_3' title="bbox 604 894 1012 960">
     <span class='ocr_line' id='line_1_3' title="bbox 604 894 1012 960; baseline 0.005 -16"><span class='ocrx_word' id='word_1_10' title='bbox 604 902 692 945; x_wconf 71' lang='lat' dir='ltr'>non</span> <span class='ocrx_word' id='word_1_11' title='bbox 713 902 745 959; x_wconf 82' lang='lat'>15</span> <span class='ocrx_word' id='word_1_12' title='bbox 764 902 886 946; x_wconf 75' lang='grc' dir='ltr'>ΑΡιιιιε</span> <span class='ocrx_word' id='word_1_13' title='bbox 907 902 975 960; x_wconf 78' lang='grc'>1554</span> <span class='ocrx_word' id='word_1_14' title='bbox 994 894 1012 946; x_wconf 85' lang='lat'>¹.</span> 
     </span>
    </p>
   </div>
   <div class='ocr_carea' id='block_1_4' title="bbox 191 1014 1426 1251">
    <p class='ocr_par' dir='ltr' id='par_1_4' title="bbox 191 1014 1426 1251">
     <span class='ocr_line' id='line_1_4' title="bbox 191 1014 1426 1088; baseline 0.003 -19"><span class='ocrx_word' id='word_1_15' title='bbox 191 1014 373 1085; x_wconf 69' lang='lat' dir='ltr'>Superiores</span> <span class='ocrx_word' id='word_1_16' title='bbox 385 1016 427 1069; x_wconf 82' lang='lat' dir='ltr'>ad</span> <span class='ocrx_word' id='word_1_17' title='bbox 445 1014 656 1071; x_wconf 77' lang='lat' dir='ltr'>Solmeromm</span> <span class='ocrx_word' id='word_1_18' title='bbox 670 1014 791 1069; x_wconf 69' lang='lat' dir='ltr'>litterae</span> <span class='ocrx_word' id='word_1_19' title='bbox 801 1014 1027 1087; x_wconf 59' lang='lat' dir='ltr'>explicat-De</span> <span class='ocrx_word' id='word_1_20' title='bbox 1048 1014 1228 1071; x_wconf 76' lang='lat' dir='ltr'>Octaviano:</span> <span class='ocrx_word' id='word_1_21' title='bbox 1242 1018 1317 1087; x_wconf 77' lang='lat' dir='ltr'><strong><em>quid</em></strong></span> <span class='ocrx_word' id='word_1_22' title='bbox 1327 1020 1426 1088; x_wconf 73' lang='lat' dir='ltr'>ponti·</span> 
     </span>
     <span class='ocr_line' id='line_1_5' title="bbox 239 1103 1424 1174; baseline 0.003 -15"><span class='ocrx_word' id='word_1_23' title='bbox 239 1103 298 1174; x_wconf 76' lang='lat' dir='ltr'>fex</span> <span class='ocrx_word' id='word_1_24' title='bbox 316 1106 470 1159; x_wconf 75' lang='lat' dir='ltr'><em>maximus</em></span> <span class='ocrx_word' id='word_1_25' title='bbox 486 1105 693 1161; x_wconf 60' lang='lat' dir='ltr'>tantm-De</span> <span class='ocrx_word' id='word_1_26' title='bbox 706 1105 819 1160; x_wconf 75' lang='lat' dir='ltr'>litteris</span> <span class='ocrx_word' id='word_1_27' title='bbox 835 1104 869 1158; x_wconf 79' lang='lat' dir='ltr'>in</span> <span class='ocrx_word' id='word_1_28' title='bbox 881 1106 978 1159; x_wconf 80' lang='lat' dir='ltr'><em>lucem</em></span> <span class='ocrx_word' id='word_1_29' title='bbox 996 1104 1199 1161; x_wconf 64' lang='lat' dir='ltr'>aditio-Cur</span> <span class='ocrx_word' id='word_1_30' title='bbox 1216 1108 1258 1161; x_wconf 82' lang='lat' dir='ltr'>od</span> <span class='ocrx_word' id='word_1_31' title='bbox 1274 1106 1424 1164; x_wconf 76' lang='lat' dir='ltr'>Oviodum</span> 
     </span>
     <span class='ocr_line' id='line_1_6' title="bbox 245 1193 730 1251; baseline 0.008 -4"><span class='ocrx_word' id='word_1_32' title='bbox 245 1210 305 1247; x_wconf 76' lang='lat' dir='ltr'>non</span> <span class='ocrx_word' id='word_1_33' title='bbox 317 1194 440 1249; x_wconf 68' lang='lat' dir='ltr'>scribat.</span> <span class='ocrx_word' id='word_1_34' title='bbox 447 1193 586 1249; x_wconf 73' lang='lat' dir='ltr'>-Lat&#39;m&#39;i</span> <span class='ocrx_word' id='word_1_35' title='bbox 598 1194 730 1251; x_wconf 73' lang='lat' dir='ltr'><strong><em>litterae.</em></strong></span> 
     </span>
    </p>
   </div>
   <div class='ocr_carea' id='block_1_5' title="bbox 193 1346 1432 2709">
    <p class='ocr_par' dir='ltr' id='par_1_5' title="bbox 261 1346 410 1414">
     <span class='ocr_line' id='line_1_7' title="bbox 261 1346 410 1414; baseline 0.02 -3"><span class='ocrx_word' id='word_1_36' title='bbox 261 1346 335 1413; x_wconf 84' lang='lat' dir='ltr'>Pax</span> <span class='ocrx_word' id='word_1_37' title='bbox 353 1346 410 1414; x_wconf 54' lang='lat' dir='ltr'>X}</span> 
     </span>
    </p>

    <p class='ocr_par' dir='ltr' id='par_1_6' title="bbox 193 1462 1429 2245">
     <span class='ocr_line' id='line_1_8' title="bbox 260 1462 1426 1551; baseline 0.003 -23"><span class='ocrx_word' id='word_1_38' title='bbox 260 1463 498 1548; x_wconf 84' lang='lat' dir='ltr'><strong>Quantunque</strong></span> <span class='ocrx_word' id='word_1_39' title='bbox 510 1464 555 1530; x_wconf 93' lang='lat' dir='ltr'>N.</span> <span class='ocrx_word' id='word_1_40' title='bbox 571 1464 613 1533; x_wconf 87' lang='lat' dir='ltr'>P.</span> <span class='ocrx_word' id='word_1_41' title='bbox 626 1462 740 1531; x_wconf 86' lang='lat' dir='ltr'>scriue</span> <span class='ocrx_word' id='word_1_42' title='bbox 752 1485 771 1529; x_wconf 85' lang='lat' dir='ltr'>a</span> <span class='ocrx_word' id='word_1_43' title='bbox 784 1465 827 1531; x_wconf 91' lang='lat' dir='ltr'>V.</span> <span class='ocrx_word' id='word_1_44' title='bbox 844 1466 885 1530; x_wconf 89' lang='lat' dir='ltr'>R.</span> <span class='ocrx_word' id='word_1_45' title='bbox 902 1485 1017 1547; x_wconf 72' lang='lat' dir='ltr'>uenga</span> <span class='ocrx_word' id='word_1_46' title='bbox 1033 1464 1066 1529; x_wconf 89' lang='lat' dir='ltr'>la</span> <span class='ocrx_word' id='word_1_47' title='bbox 1078 1464 1259 1533; x_wconf 83' lang='lat' dir='ltr'>domenico</span> <span class='ocrx_word' id='word_1_48' title='bbox 1273 1486 1426 1551; x_wconf 82' lang='lat' dir='ltr'>segnen-</span> 
     </span>
     <span class='ocr_line' id='line_1_9' title="bbox 194 1578 1428 1666; baseline 0.001 -22"><span class='ocrx_word' id='word_1_49' title='bbox 194 1588 228 1645; x_wconf 86' lang='lat' dir='ltr'>te</span> <span class='ocrx_word' id='word_1_50' title='bbox 243 1580 357 1665; x_wconf 89' lang='lat' dir='ltr'>doppo</span> <span class='ocrx_word' id='word_1_51' title='bbox 372 1580 405 1647; x_wconf 89' lang='lat' dir='ltr'>la</span> <span class='ocrx_word' id='word_1_52' title='bbox 421 1579 588 1660; x_wconf 66' lang='lat' dir='ltr'>decanta,</span> <span class='ocrx_word' id='word_1_53' title='bbox 602 1580 716 1665; x_wconf 87' lang='lat' dir='ltr'><strong>quale,</strong></span> <span class='ocrx_word' id='word_1_54' title='bbox 734 1584 811 1646; x_wconf 69' lang='lat' dir='ltr'>sero</span> <span class='ocrx_word' id='word_1_55' title='bbox 825 1602 846 1645; x_wconf 86' lang='lat' dir='ltr'>a</span> <span class='ocrx_word' id='word_1_56' title='bbox 862 1597 905 1645; x_wconf 86' lang='lat'>22</span> <span class='ocrx_word' id='word_1_57' title='bbox 922 1578 977 1646; x_wconf 87' lang='lat' dir='ltr'>del</span> <span class='ocrx_word' id='word_1_58' title='bbox 989 1591 1160 1666; x_wconf 80' lang='lat' dir='ltr'>presente,</span> <span class='ocrx_word' id='word_1_59' title='bbox 1179 1600 1216 1646; x_wconf 91' lang='lat' dir='ltr'>se</span> <span class='ocrx_word' id='word_1_60' title='bbox 1235 1602 1300 1665; x_wconf 86' lang='lat' dir='ltr'>pur</span> <span class='ocrx_word' id='word_1_61' title='bbox 1312 1580 1428 1666; x_wconf 86' lang='lat' dir='ltr'>paresi</span> 
     </span>
     <span class='ocr_line' id='line_1_10' title="bbox 193 1694 1425 1781; baseline 0.002 -19"><span class='ocrx_word' id='word_1_62' title='bbox 193 1694 260 1762; x_wconf 82' lang='lat' dir='ltr'>alla</span> <span class='ocrx_word' id='word_1_63' title='bbox 276 1696 319 1763; x_wconf 86' lang='lat' dir='ltr'>R.</span> <span class='ocrx_word' id='word_1_64' title='bbox 338 1696 381 1762; x_wconf 92' lang='lat' dir='ltr'>V.</span> <span class='ocrx_word' id='word_1_65' title='bbox 401 1698 464 1762; x_wconf 86' lang='lat' dir='ltr'>che</span> <span class='ocrx_word' id='word_1_66' title='bbox 481 1695 681 1781; x_wconf 84' lang='lat' dir='ltr'>importasse</span> <span class='ocrx_word' id='word_1_67' title='bbox 697 1706 768 1761; x_wconf 85' lang='lat' dir='ltr'>star</span> <span class='ocrx_word' id='word_1_68' title='bbox 783 1694 842 1781; x_wconf 69' lang='lat' dir='ltr'>pio</span> <span class='ocrx_word' id='word_1_69' title='bbox 855 1717 924 1761; x_wconf 86' lang='lat' dir='ltr'>una</span> <span class='ocrx_word' id='word_1_70' title='bbox 940 1694 1134 1775; x_wconf 81' lang='lat' dir='ltr'><strong>settimana‚</strong></span> <span class='ocrx_word' id='word_1_71' title='bbox 1150 1696 1184 1761; x_wconf 92' lang='lat' dir='ltr'>lo</span> <span class='ocrx_word' id='word_1_72' title='bbox 1202 1696 1322 1781; x_wconf 68' lang='lat' dir='ltr'>puotro</span> <span class='ocrx_word' id='word_1_73' title='bbox 1341 1697 1425 1775; x_wconf 79' lang='lat' dir='ltr'>sare,</span> 
     </span>
     <span class='ocr_line' id='line_1_11' title="bbox 194 1810 1425 1899; baseline 0.002 -24"><span class='ocrx_word' id='word_1_74' title='bbox 194 1810 230 1876; x_wconf 90' lang='lat' dir='ltr'>in</span> <span class='ocrx_word' id='word_1_75' title='bbox 247 1812 352 1877; x_wconf 89' lang='lat' dir='ltr'>modo</span> <span class='ocrx_word' id='word_1_76' title='bbox 366 1814 431 1879; x_wconf 82' lang='lat' dir='ltr'>che</span> <span class='ocrx_word' id='word_1_77' title='bbox 446 1833 508 1897; x_wconf 89' lang='lat' dir='ltr'>per</span> <span class='ocrx_word' id='word_1_78' title='bbox 523 1812 546 1875; x_wconf 87' lang='lat' dir='ltr'>l’</span> <span class='ocrx_word' id='word_1_79' title='bbox 564 1811 650 1877; x_wconf 83' lang='lat' dir='ltr'><strong>altra</strong></span> <span class='ocrx_word' id='word_1_80' title='bbox 665 1810 856 1891; x_wconf 82' lang='lat' dir='ltr'>domenico,</span> <span class='ocrx_word' id='word_1_81' title='bbox 875 1834 895 1877; x_wconf 87' lang='lat' dir='ltr'>a</span> <span class='ocrx_word' id='word_1_82' title='bbox 912 1828 956 1899; x_wconf 86' lang='lat'>29</span> <span class='ocrx_word' id='word_1_83' title='bbox 971 1811 1025 1878; x_wconf 82' lang='lat' dir='ltr'>del</span> <span class='ocrx_word' id='word_1_84' title='bbox 1042 1822 1216 1897; x_wconf 83' lang='lat' dir='ltr'><strong>presente,</strong></span> <span class='ocrx_word' id='word_1_85' title='bbox 1231 1813 1262 1878; x_wconf 88' lang='lat' dir='ltr'>al</span> <span class='ocrx_word' id='word_1_86' title='bbox 1281 1812 1339 1898; x_wconf 71' lang='lat' dir='ltr'>pio</span> <span class='ocrx_word' id='word_1_87' title='bbox 1358 1824 1425 1879; x_wconf 87' lang='lat' dir='ltr'>tar-</span> 
     </span>
     <span class='ocr_line' id='line_1_12' title="bbox 197 1925 1429 2014; baseline 0.002 -21"><span class='ocrx_word' id='word_1_88' title='bbox 197 1928 257 2007; x_wconf 87' lang='lat' dir='ltr'>do,</span> <span class='ocrx_word' id='word_1_89' title='bbox 281 1925 310 1993; x_wconf 89' lang='lat' dir='ltr'>si</span> <span class='ocrx_word' id='word_1_90' title='bbox 333 1938 441 2013; x_wconf 88' lang='lat' dir='ltr'><strong>parta.</strong></span> <span class='ocrx_word' id='word_1_91' title='bbox 467 1928 510 1992; x_wconf 90' lang='lat' dir='ltr'>Et</span> <span class='ocrx_word' id='word_1_92' title='bbox 530 1930 559 1993; x_wconf 88' lang='lat' dir='ltr'>s’</span> <span class='ocrx_word' id='word_1_93' title='bbox 580 1926 754 1995; x_wconf 85' lang='lat' dir='ltr'>accadessi</span> <span class='ocrx_word' id='word_1_94' title='bbox 775 1926 925 1994; x_wconf 86' lang='lat' dir='ltr'>scriuere</span> <span class='ocrx_word' id='word_1_95' title='bbox 945 1950 966 1994; x_wconf 90' lang='lat' dir='ltr'>a</span> <span class='ocrx_word' id='word_1_96' title='bbox 985 1928 1133 2013; x_wconf 86' lang='lat' dir='ltr'>qualche</span> <span class='ocrx_word' id='word_1_97' title='bbox 1155 1949 1299 2014; x_wconf 82' lang='lat' dir='ltr'>persona</span> <span class='ocrx_word' id='word_1_98' title='bbox 1321 1928 1356 1994; x_wconf 90' lang='lat' dir='ltr'>di</span> <span class='ocrx_word' id='word_1_99' title='bbox 1377 1951 1429 1996; x_wconf 83' lang='lat' dir='ltr'>re-</span> 
     </span>
     <span class='ocr_line' id='line_1_13' title="bbox 197 2042 1428 2130; baseline 0 -21"><span class='ocrx_word' id='word_1_100' title='bbox 197 2054 311 2127; x_wconf 80' lang='lat' dir='ltr'>spetto</span> <span class='ocrx_word' id='word_1_101' title='bbox 323 2062 383 2129; x_wconf 85' lang='lat' dir='ltr'>per</span> <span class='ocrx_word' id='word_1_102' title='bbox 397 2054 494 2128; x_wconf 83' lang='lat' dir='ltr'>parte</span> <span class='ocrx_word' id='word_1_103' title='bbox 504 2042 539 2110; x_wconf 87' lang='lat' dir='ltr'>di</span> <span class='ocrx_word' id='word_1_104' title='bbox 552 2055 670 2110; x_wconf 85' lang='lat' dir='ltr'>nostro</span> <span class='ocrx_word' id='word_1_105' title='bbox 685 2044 808 2125; x_wconf 85' lang='lat' dir='ltr'>Padre,</span> <span class='ocrx_word' id='word_1_106' title='bbox 823 2044 867 2110; x_wconf 85' lang='lat' dir='ltr'>V.</span> <span class='ocrx_word' id='word_1_107' title='bbox 883 2044 925 2110; x_wconf 93' lang='lat' dir='ltr'>R.</span> <span class='ocrx_word' id='word_1_108' title='bbox 944 2042 977 2109; x_wconf 94' lang='lat' dir='ltr'>lo</span> <span class='ocrx_word' id='word_1_109' title='bbox 994 2042 1102 2110; x_wconf 83' lang='lat' dir='ltr'>faccia</span> <span class='ocrx_word' id='word_1_110' title='bbox 1114 2064 1215 2130; x_wconf 85' lang='lat' dir='ltr'>sopra</span> <span class='ocrx_word' id='word_1_111' title='bbox 1233 2044 1265 2112; x_wconf 86' lang='lat' dir='ltr'>le</span> <span class='ocrx_word' id='word_1_112' title='bbox 1281 2066 1344 2112; x_wconf 88' lang='lat' dir='ltr'>sue</span> <span class='ocrx_word' id='word_1_113' title='bbox 1360 2056 1428 2111; x_wconf 88' lang='lat' dir='ltr'>sot·</span> 
     </span>
     <span class='ocr_line' id='line_1_14' title="bbox 197 2158 1025 2245; baseline 0 -21"><span class='ocrx_word' id='word_1_114' title='bbox 197 2158 418 2242; x_wconf 78' lang='lat' dir='ltr'>toserittioni‚</span> <span class='ocrx_word' id='word_1_115' title='bbox 435 2158 527 2243; x_wconf 86' lang='lat' dir='ltr'>quali</span> <span class='ocrx_word' id='word_1_116' title='bbox 543 2159 669 2225; x_wconf 81' lang='lat' dir='ltr'>mando</span> <span class='ocrx_word' id='word_1_117' title='bbox 683 2159 742 2244; x_wconf 88' lang='lat' dir='ltr'>qui</span> <span class='ocrx_word' id='word_1_118' title='bbox 760 2181 820 2245; x_wconf 85' lang='lat' dir='ltr'>per</span> <span class='ocrx_word' id='word_1_119' title='bbox 836 2159 882 2225; x_wconf 91' lang='lat' dir='ltr'>tal</span> <span class='ocrx_word' id='word_1_120' title='bbox 895 2161 1025 2227; x_wconf 79' lang='lat' dir='ltr'>effetto</span> 
     </span>
    </p>

    <p class='ocr_par' dir='ltr' id='par_1_7' title="bbox 197 2274 1432 2709">
     <span class='ocr_line' id='line_1_15' title="bbox 265 2274 1430 2361; baseline -0.002 -19"><span class='ocrx_word' id='word_1_121' title='bbox 265 2276 330 2342; x_wconf 82' lang='lat' dir='ltr'>Del</span> <span class='ocrx_word' id='word_1_122' title='bbox 348 2286 485 2361; x_wconf 82' lang='lat' dir='ltr'>portare</span> <span class='ocrx_word' id='word_1_123' title='bbox 500 2275 522 2340; x_wconf 84' lang='lat' dir='ltr'>li</span> <span class='ocrx_word' id='word_1_124' title='bbox 539 2274 615 2342; x_wconf 90' lang='lat' dir='ltr'>suoi</span> <span class='ocrx_word' id='word_1_125' title='bbox 631 2274 740 2341; x_wconf 77' lang='lat' dir='ltr'><strong>scritti</strong></span> <span class='ocrx_word' id='word_1_126' title='bbox 755 2296 777 2341; x_wconf 92' lang='lat' dir='ltr'>o</span> <span class='ocrx_word' id='word_1_127' title='bbox 794 2297 874 2355; x_wconf 89' lang='lat' dir='ltr'>non,</span> <span class='ocrx_word' id='word_1_128' title='bbox 893 2276 937 2342; x_wconf 90' lang='lat' dir='ltr'>V.</span> <span class='ocrx_word' id='word_1_129' title='bbox 954 2277 994 2341; x_wconf 92' lang='lat' dir='ltr'>R.</span> <span class='ocrx_word' id='word_1_130' title='bbox 1013 2275 1047 2341; x_wconf 94' lang='lat' dir='ltr'>lo</span> <span class='ocrx_word' id='word_1_131' title='bbox 1063 2274 1161 2361; x_wconf 61' lang='lat' dir='ltr'>potr&amp;</span> <span class='ocrx_word' id='word_1_132' title='bbox 1179 2274 1344 2343; x_wconf 83' lang='lat' dir='ltr'>risolucre</span> <span class='ocrx_word' id='word_1_133' title='bbox 1361 2296 1430 2340; x_wconf 88' lang='lat' dir='ltr'>me·</span> 
     </span>
     <span class='ocr_line' id='line_1_16' title="bbox 198 2389 1430 2478; baseline 0.001 -22"><span class='ocrx_word' id='word_1_134' title='bbox 198 2390 272 2478; x_wconf 81' lang='lat' dir='ltr'>glio</span> <span class='ocrx_word' id='word_1_135' title='bbox 286 2394 351 2458; x_wconf 91' lang='lat' dir='ltr'>che</span> <span class='ocrx_word' id='word_1_136' title='bbox 368 2389 438 2471; x_wconf 86' lang='lat' dir='ltr'>noi,</span> <span class='ocrx_word' id='word_1_137' title='bbox 455 2390 568 2457; x_wconf 85' lang='lat' dir='ltr'>inteso</span> <span class='ocrx_word' id='word_1_138' title='bbox 582 2389 606 2456; x_wconf 94' lang='lat' dir='ltr'>il</span> <span class='ocrx_word' id='word_1_139' title='bbox 621 2390 767 2477; x_wconf 82' lang='lat' dir='ltr'>discgoo</span> <span class='ocrx_word' id='word_1_140' title='bbox 782 2390 827 2457; x_wconf 92' lang='lat' dir='ltr'>de</span> <span class='ocrx_word' id='word_1_141' title='bbox 842 2412 907 2457; x_wconf 83' lang='lat' dir='ltr'>sua</span> <span class='ocrx_word' id='word_1_142' title='bbox 924 2402 1066 2468; x_wconf 72' lang='lat' dir='ltr'>uenum,</span> <span class='ocrx_word' id='word_1_143' title='bbox 1085 2392 1185 2475; x_wconf 81' lang='lat' dir='ltr'>quale</span> <span class='ocrx_word' id='word_1_144' title='bbox 1206 2392 1224 2458; x_wconf 82' lang='grc' dir='ltr'>ὲ</span> <span class='ocrx_word' id='word_1_145' title='bbox 1241 2391 1374 2460; x_wconf 85' lang='lat' dir='ltr'>aiotare</span> <span class='ocrx_word' id='word_1_146' title='bbox 1396 2391 1430 2457; x_wconf 90' lang='lat' dir='ltr'>in</span> 
     </span>
     <span class='ocr_line' id='line_1_17' title="bbox 197 2506 1431 2607; baseline 0 -34"><span class='ocrx_word' id='word_1_147' title='bbox 197 2508 271 2574; x_wconf 79' lang='lat' dir='ltr'><strong>fare</strong></span> <span class='ocrx_word' id='word_1_148' title='bbox 287 2508 366 2590; x_wconf 87' lang='lat' dir='ltr'>quel</span> <span class='ocrx_word' id='word_1_149' title='bbox 383 2506 532 2607; x_wconf 63' lang='lat' dir='ltr'>somorio</span> <span class='ocrx_word' id='word_1_150' title='bbox 546 2507 581 2573; x_wconf 90' lang='lat' dir='ltr'>di</span> <span class='ocrx_word' id='word_1_151' title='bbox 597 2506 787 2593; x_wconf 82' lang='lat' dir='ltr'>Theologia</span> <span class='ocrx_word' id='word_1_152' title='bbox 803 2507 835 2573; x_wconf 89' lang='lat' dir='ltr'>al</span> <span class='ocrx_word' id='word_1_153' title='bbox 852 2508 956 2574; x_wconf 90' lang='lat' dir='ltr'><strong>Mtro.</strong></span> <span class='ocrx_word' id='word_1_154' title='bbox 978 2508 1126 2591; x_wconf 83' lang='lat' dir='ltr'><strong>Laynez‚</strong></span> <span class='ocrx_word' id='word_1_155' title='bbox 1145 2520 1179 2574; x_wconf 87' lang='lat' dir='ltr'>ct</span> <span class='ocrx_word' id='word_1_156' title='bbox 1192 2508 1304 2573; x_wconf 82' lang='lat' dir='ltr'>anche</span> <span class='ocrx_word' id='word_1_157' title='bbox 1321 2507 1431 2593; x_wconf 85' lang='lat' dir='ltr'>prodi-</span> 
     </span>
     <span class='ocr_line' id='line_1_18' title="bbox 199 2622 1432 2709; baseline 0 -20"><span class='ocrx_word' id='word_1_158' title='bbox 199 2644 280 2691; x_wconf 85' lang='lat' dir='ltr'>care</span> <span class='ocrx_word' id='word_1_159' title='bbox 296 2645 318 2689; x_wconf 95' lang='lat' dir='ltr'>o</span> <span class='ocrx_word' id='word_1_160' title='bbox 333 2624 475 2709; x_wconf 82' lang='lat' dir='ltr'>leggere</span> <span class='ocrx_word' id='word_1_161' title='bbox 490 2622 525 2689; x_wconf 90' lang='lat' dir='ltr'>in</span> <span class='ocrx_word' id='word_1_162' title='bbox 542 2622 690 2691; x_wconf 84' lang='lat' dir='ltr'>Genoua</span> <span class='ocrx_word' id='word_1_163' title='bbox 701 2634 824 2707; x_wconf 85' lang='lat' dir='ltr'>questa</span> <span class='ocrx_word' id='word_1_164' title='bbox 835 2624 944 2701; x_wconf 83' lang='lat' dir='ltr'><strong>stade,</strong></span> <span class='ocrx_word' id='word_1_165' title='bbox 959 2622 1184 2689; x_wconf 88' lang='lat' dir='ltr'>conducendo</span> <span class='ocrx_word' id='word_1_166' title='bbox 1201 2622 1224 2687; x_wconf 88' lang='lat' dir='ltr'>il</span> <span class='ocrx_word' id='word_1_167' title='bbox 1236 2622 1385 2709; x_wconf 79' lang='lat' dir='ltr'>collegio</span> <span class='ocrx_word' id='word_1_168' title='bbox 1396 2623 1432 2690; x_wconf 88' lang='lat' dir='ltr'>in</span> 
     </span>
    </p>
   </div>
   <div class='ocr_carea' id='block_1_6' title="bbox 200 2738 1437 3290">
    <p class='ocr_par' dir='ltr' id='par_1_8' title="bbox 200 2738 1433 2941">
     <span class='ocr_line' id='line_1_19' title="bbox 200 2738 1433 2827; baseline 0.001 -23"><span class='ocrx_word' id='word_1_169' title='bbox 200 2740 248 2808; x_wconf 66' lang='lat' dir='ltr'><strong>lo.</strong></span> <span class='ocrx_word' id='word_1_170' title='bbox 268 2739 402 2827; x_wconf 89' lang='lat' dir='ltr'>Doppoi</span> <span class='ocrx_word' id='word_1_171' title='bbox 419 2760 479 2825; x_wconf 87' lang='lat' dir='ltr'>per</span> <span class='ocrx_word' id='word_1_172' title='bbox 494 2738 518 2803; x_wconf 88' lang='lat' dir='ltr'>il</span> <span class='ocrx_word' id='word_1_173' title='bbox 535 2740 729 2807; x_wconf 84' lang='lat' dir='ltr'>Settcmbre</span> <span class='ocrx_word' id='word_1_174' title='bbox 744 2738 772 2805; x_wconf 92' lang='lat' dir='ltr'>si</span> <span class='ocrx_word' id='word_1_175' title='bbox 789 2740 822 2805; x_wconf 80' lang='lat' dir='ltr'>fa</span> <span class='ocrx_word' id='word_1_176' title='bbox 835 2751 938 2805; x_wconf 91' lang='lat' dir='ltr'>conto</span> <span class='ocrx_word' id='word_1_177' title='bbox 954 2740 1020 2805; x_wconf 90' lang='lat' dir='ltr'>che</span> <span class='ocrx_word' id='word_1_178' title='bbox 1033 2740 1065 2805; x_wconf 86' lang='lat' dir='ltr'>la</span> <span class='ocrx_word' id='word_1_179' title='bbox 1083 2740 1123 2805; x_wconf 92' lang='lat' dir='ltr'>R.</span> <span class='ocrx_word' id='word_1_180' title='bbox 1140 2740 1183 2806; x_wconf 90' lang='lat' dir='ltr'>V.</span> <span class='ocrx_word' id='word_1_181' title='bbox 1200 2750 1298 2805; x_wconf 80' lang='lat' dir='ltr'>torne</span> <span class='ocrx_word' id='word_1_182' title='bbox 1316 2738 1352 2805; x_wconf 94' lang='lat' dir='ltr'>in</span> <span class='ocrx_word' id='word_1_183' title='bbox 1365 2740 1433 2806; x_wconf 86' lang='lat' dir='ltr'>Na·</span> 
     </span>
     <span class='ocr_line' id='line_1_20' title="bbox 200 2855 283 2941; baseline 0.036 -22"><span class='ocrx_word' id='word_1_184' title='bbox 200 2855 283 2941; x_wconf 91' lang='lat' dir='ltr'><strong>poli.</strong></span> 
     </span>
    </p>

    <p class='ocr_par' dir='ltr' id='par_1_9' title="bbox 202 2970 1437 3290">
     <span class='ocr_line' id='line_1_21' title="bbox 269 2970 1434 3051; baseline -0.002 -12"><span class='ocrx_word' id='word_1_185' title='bbox 269 2974 322 3039; x_wconf 90' lang='lat' dir='ltr'>De</span> <span class='ocrx_word' id='word_1_186' title='bbox 339 2972 529 3039; x_wconf 86' lang='lat' dir='ltr'>Ottauiano</span> <span class='ocrx_word' id='word_1_187' title='bbox 540 2973 567 3051; x_wconf 84' lang='lat'>¹,</span> <span class='ocrx_word' id='word_1_188' title='bbox 584 2974 649 3040; x_wconf 84' lang='lat' dir='ltr'>che</span> <span class='ocrx_word' id='word_1_189' title='bbox 665 2970 728 3039; x_wconf 81' lang='lat' dir='ltr'>stia</span> <span class='ocrx_word' id='word_1_190' title='bbox 744 2971 781 3037; x_wconf 94' lang='lat' dir='ltr'>in</span> <span class='ocrx_word' id='word_1_191' title='bbox 796 2990 876 3037; x_wconf 86' lang='lat' dir='ltr'>casa</span> <span class='ocrx_word' id='word_1_192' title='bbox 892 2971 948 3039; x_wconf 82' lang='lat' dir='ltr'>del</span> <span class='ocrx_word' id='word_1_193' title='bbox 963 2970 1115 3037; x_wconf 87' lang='lat' dir='ltr'>cardinal</span> <span class='ocrx_word' id='word_1_194' title='bbox 1132 2970 1294 3038; x_wconf 82' lang='lat' dir='ltr'>Sarasino</span> <span class='ocrx_word' id='word_1_195' title='bbox 1311 2972 1322 3003; x_wconf 77' lang='lat'><strong>³</strong></span> <span class='ocrx_word' id='word_1_196' title='bbox 1341 2992 1434 3037; x_wconf 88' lang='lat' dir='ltr'><strong>men·</strong></span> 
     </span>
     <span class='ocr_line' id='line_1_22' title="bbox 202 3086 1434 3172; baseline -0.002 -17"><span class='ocrx_word' id='word_1_197' title='bbox 202 3088 379 3167; x_wconf 78' lang='lat' dir='ltr'><strong>talmente,</strong></span> <span class='ocrx_word' id='word_1_198' title='bbox 394 3109 415 3154; x_wconf 94' lang='lat' dir='ltr'>o</span> <span class='ocrx_word' id='word_1_199' title='bbox 431 3109 516 3156; x_wconf 86' lang='lat' dir='ltr'>uero</span> <span class='ocrx_word' id='word_1_200' title='bbox 531 3087 588 3157; x_wconf 90' lang='lat' dir='ltr'>nel</span> <span class='ocrx_word' id='word_1_201' title='bbox 603 3086 773 3154; x_wconf 84' lang='lat' dir='ltr'>desiderio</span> <span class='ocrx_word' id='word_1_202' title='bbox 784 3086 840 3153; x_wconf 88' lang='lat' dir='ltr'>del</span> <span class='ocrx_word' id='word_1_203' title='bbox 857 3108 921 3154; x_wconf 90' lang='lat' dir='ltr'>suo</span> <span class='ocrx_word' id='word_1_204' title='bbox 937 3088 1055 3172; x_wconf 86' lang='lat' dir='ltr'>padre,</span> <span class='ocrx_word' id='word_1_205' title='bbox 1074 3090 1143 3172; x_wconf 74' lang='lat' dir='ltr'>pub</span> <span class='ocrx_word' id='word_1_206' title='bbox 1156 3108 1284 3167; x_wconf 84' lang='lat' dir='ltr'>essere,</span> <span class='ocrx_word' id='word_1_207' title='bbox 1298 3109 1352 3153; x_wconf 87' lang='lat' dir='ltr'>ma</span> <span class='ocrx_word' id='word_1_208' title='bbox 1365 3108 1434 3155; x_wconf 91' lang='lat' dir='ltr'>non</span> 
     </span>
     <span class='ocr_line' id='line_1_23' title="bbox 202 3200 1437 3290; baseline -0.003 -19"><span class='ocrx_word' id='word_1_209' title='bbox 202 3203 379 3290; x_wconf 85' lang='lat' dir='ltr'>sappiamo</span> <span class='ocrx_word' id='word_1_210' title='bbox 390 3224 471 3270; x_wconf 87' lang='lat' dir='ltr'>cosa</span> <span class='ocrx_word' id='word_1_211' title='bbox 483 3203 620 3283; x_wconf 85' lang='lat' dir='ltr'>alcuna,</span> <span class='ocrx_word' id='word_1_212' title='bbox 636 3202 713 3269; x_wconf 88' lang='lat' dir='ltr'>anzi</span> <span class='ocrx_word' id='word_1_213' title='bbox 725 3202 755 3268; x_wconf 90' lang='lat' dir='ltr'>ci</span> <span class='ocrx_word' id='word_1_214' title='bbox 771 3204 887 3269; x_wconf 87' lang='lat' dir='ltr'>hanno</span> <span class='ocrx_word' id='word_1_215' title='bbox 899 3203 980 3268; x_wconf 88' lang='lat' dir='ltr'>dato</span> <span class='ocrx_word' id='word_1_216' title='bbox 993 3202 1098 3269; x_wconf 77' lang='lat' dir='ltr'>molta</span> <span class='ocrx_word' id='word_1_217' title='bbox 1112 3200 1268 3269; x_wconf 86' lang='lat' dir='ltr'>molestia</span> <span class='ocrx_word' id='word_1_218' title='bbox 1280 3224 1340 3288; x_wconf 90' lang='lat' dir='ltr'>per</span> <span class='ocrx_word' id='word_1_219' title='bbox 1352 3202 1437 3268; x_wconf 79' lang='lat' dir='ltr'>farlo</span> 
     </span>
    </p>
   </div>
   <div class='ocr_carea' id='block_1_7' title="bbox 202 3317 1441 4212">
    <p class='ocr_par' dir='ltr' id='par_1_10' title="bbox 202 3317 1438 3754">
     <span class='ocr_line' id='line_1_24' title="bbox 204 3317 1436 3406; baseline 0 -21"><span class='ocrx_word' id='word_1_220' title='bbox 204 3319 322 3386; x_wconf 85' lang='lat' dir='ltr'>uenire</span> <span class='ocrx_word' id='word_1_221' title='bbox 338 3320 373 3386; x_wconf 86' lang='lat' dir='ltr'>io</span> <span class='ocrx_word' id='word_1_222' title='bbox 390 3317 513 3406; x_wconf 87' lang='lat' dir='ltr'>Napoli</span> <span class='ocrx_word' id='word_1_223' title='bbox 526 3341 548 3386; x_wconf 91' lang='grc' dir='ltr'>ο</span> <span class='ocrx_word' id='word_1_224' title='bbox 563 3322 671 3386; x_wconf 83' lang='lat' dir='ltr'>Roma</span> <span class='ocrx_word' id='word_1_225' title='bbox 687 3340 749 3405; x_wconf 85' lang='lat' dir='ltr'>per</span> <span class='ocrx_word' id='word_1_226' title='bbox 765 3318 821 3385; x_wconf 89' lang='lat' dir='ltr'>uia</span> <span class='ocrx_word' id='word_1_227' title='bbox 836 3319 881 3387; x_wconf 87' lang='lat' dir='ltr'>de</span> <span class='ocrx_word' id='word_1_228' title='bbox 892 3318 1071 3401; x_wconf 86' lang='lat' dir='ltr'>cardinali,</span> <span class='ocrx_word' id='word_1_229' title='bbox 1086 3319 1232 3387; x_wconf 84' lang='lat' dir='ltr'>facendo</span> <span class='ocrx_word' id='word_1_230' title='bbox 1244 3317 1346 3385; x_wconf 83' lang='lat' dir='ltr'>etiam</span> <span class='ocrx_word' id='word_1_231' title='bbox 1361 3341 1436 3404; x_wconf 80' lang='lat' dir='ltr'>par-</span> 
     </span>
     <span class='ocr_line' id='line_1_25' title="bbox 202 3417 1438 3522; baseline 0.001 -21"><span class='ocrx_word' id='word_1_232' title='bbox 202 3437 255 3501; x_wconf 88' lang='lat' dir='ltr'>lar</span> <span class='ocrx_word' id='word_1_233' title='bbox 270 3436 302 3501; x_wconf 82' lang='lat' dir='ltr'>al</span> <span class='ocrx_word' id='word_1_234' title='bbox 319 3457 419 3522; x_wconf 86' lang='lat' dir='ltr'>papa,</span> <span class='ocrx_word' id='word_1_235' title='bbox 441 3435 465 3501; x_wconf 90' lang='lat' dir='ltr'>il</span> <span class='ocrx_word' id='word_1_236' title='bbox 481 3435 582 3519; x_wconf 84' lang='lat' dir='ltr'>quale</span> <span class='ocrx_word' id='word_1_237' title='bbox 599 3417 726 3521; x_wconf 83' lang='lat' dir='ltr'>perosi</span> <span class='ocrx_word' id='word_1_238' title='bbox 742 3433 760 3502; x_wconf 79' lang='grc' dir='ltr'>ὲ</span> <span class='ocrx_word' id='word_1_239' title='bbox 776 3436 930 3503; x_wconf 82' lang='lat' dir='ltr'>resoluto</span> <span class='ocrx_word' id='word_1_240' title='bbox 952 3436 995 3501; x_wconf 83' lang='lat' dir='ltr'>dc</span> <span class='ocrx_word' id='word_1_241' title='bbox 1011 3455 1078 3500; x_wconf 90' lang='lat' dir='ltr'>non</span> <span class='ocrx_word' id='word_1_242' title='bbox 1095 3433 1222 3499; x_wconf 81' lang='lat' dir='ltr'>disfare</span> <span class='ocrx_word' id='word_1_243' title='bbox 1238 3434 1353 3519; x_wconf 86' lang='lat' dir='ltr'>quello</span> <span class='ocrx_word' id='word_1_244' title='bbox 1373 3436 1438 3503; x_wconf 88' lang='lat' dir='ltr'>che</span> 
     </span>
     <span class='ocr_line' id='line_1_26' title="bbox 204 3548 1437 3637; baseline -0.002 -21"><span class='ocrx_word' id='word_1_245' title='bbox 204 3551 228 3616; x_wconf 89' lang='lat' dir='ltr'>il</span> <span class='ocrx_word' id='word_1_246' title='bbox 249 3551 380 3637; x_wconf 86' lang='lat' dir='ltr'>Spirito</span> <span class='ocrx_word' id='word_1_247' title='bbox 400 3562 501 3617; x_wconf 73' lang='lat' dir='ltr'>santo</span> <span class='ocrx_word' id='word_1_248' title='bbox 521 3552 567 3618; x_wconf 87' lang='lat' dir='ltr'>ha</span> <span class='ocrx_word' id='word_1_249' title='bbox 589 3552 687 3632; x_wconf 80' lang='lat' dir='ltr'>satt0,</span> <span class='ocrx_word' id='word_1_250' title='bbox 709 3551 754 3619; x_wconf 68' lang='lat' dir='ltr'>nc</span> <span class='ocrx_word' id='word_1_251' title='bbox 773 3550 986 3635; x_wconf 77' lang='lat' dir='ltr'>dispensare,</span> <span class='ocrx_word' id='word_1_252' title='bbox 1010 3560 1092 3630; x_wconf 62' lang='lat' dir='ltr'>etc„</span> <span class='ocrx_word' id='word_1_253' title='bbox 1112 3549 1258 3616; x_wconf 85' lang='lat' dir='ltr'>essendo</span> <span class='ocrx_word' id='word_1_254' title='bbox 1274 3548 1309 3615; x_wconf 90' lang='lat' dir='ltr'>di</span> <span class='ocrx_word' id='word_1_255' title='bbox 1326 3548 1397 3617; x_wconf 67' lang='lat' dir='ltr'>etto</span> <span class='ocrx_word' id='word_1_256' title='bbox 1415 3548 1437 3613; x_wconf 88' lang='lat' dir='ltr'>il</span> 
     </span>
     <span class='ocr_line' id='line_1_27' title="bbox 207 3667 367 3754; baseline 0.013 -21"><span class='ocrx_word' id='word_1_257' title='bbox 207 3667 367 3754; x_wconf 79' lang='lat' dir='ltr'><strong>gionene.</strong></span> 
     </span>
    </p>

    <p class='ocr_par' dir='ltr' id='par_1_11' title="bbox 206 3780 1441 4102">
     <span class='ocr_line' id='line_1_28' title="bbox 273 3780 1439 3869; baseline -0.005 -18"><span class='ocrx_word' id='word_1_258' title='bbox 273 3784 323 3851; x_wconf 83' lang='lat' dir='ltr'>La</span> <span class='ocrx_word' id='word_1_259' title='bbox 338 3784 458 3851; x_wconf 82' lang='lat' dir='ltr'><strong>lettera</strong></span> <span class='ocrx_word' id='word_1_260' title='bbox 474 3794 643 3869; x_wconf 81' lang='lat' dir='ltr'>stampato</span> <span class='ocrx_word' id='word_1_261' title='bbox 658 3782 891 3862; x_wconf 84' lang='lat' dir='ltr'>riceuessim03</span> <span class='ocrx_word' id='word_1_262' title='bbox 911 3791 946 3851; x_wconf 87' lang='lat' dir='ltr'>et</span> <span class='ocrx_word' id='word_1_263' title='bbox 962 3781 1076 3867; x_wconf 80' lang='lat' dir='ltr'>quelle</span> <span class='ocrx_word' id='word_1_264' title='bbox 1091 3784 1157 3849; x_wconf 88' lang='lat' dir='ltr'>che</span> <span class='ocrx_word' id='word_1_265' title='bbox 1173 3780 1202 3847; x_wconf 82' lang='lat' dir='ltr'>si</span> <span class='ocrx_word' id='word_1_266' title='bbox 1220 3783 1406 3848; x_wconf 85' lang='lat' dir='ltr'>houeuano</span> <span class='ocrx_word' id='word_1_267' title='bbox 1419 3803 1439 3845; x_wconf 87' lang='lat' dir='ltr'>a</span> 
     </span>
     <span class='ocr_line' id='line_1_29' title="bbox 206 3896 1441 3984; baseline -0.003 -17"><span class='ocrx_word' id='word_1_268' title='bbox 206 3899 368 3967; x_wconf 81' lang='lat' dir='ltr'>mandare</span> <span class='ocrx_word' id='word_1_269' title='bbox 383 3910 559 3981; x_wconf 73' lang='lat' dir='ltr'><strong>assettate,</strong></span> <span class='ocrx_word' id='word_1_270' title='bbox 576 3898 604 3965; x_wconf 87' lang='lat' dir='ltr'>si</span> <span class='ocrx_word' id='word_1_271' title='bbox 620 3900 864 3978; x_wconf 84' lang='lat' dir='ltr'>manderanno,</span> <span class='ocrx_word' id='word_1_272' title='bbox 881 3899 1052 3984; x_wconf 79' lang='lat' dir='ltr'>passando</span> <span class='ocrx_word' id='word_1_273' title='bbox 1064 3918 1130 3984; x_wconf 87' lang='lat' dir='ltr'>pur</span> <span class='ocrx_word' id='word_1_274' title='bbox 1144 3920 1191 3963; x_wconf 89' lang='lat' dir='ltr'>un</span> <span class='ocrx_word' id='word_1_275' title='bbox 1206 3918 1295 3983; x_wconf 90' lang='lat' dir='ltr'>poco</span> <span class='ocrx_word' id='word_1_276' title='bbox 1308 3896 1340 3963; x_wconf 94' lang='lat' dir='ltr'>di</span> <span class='ocrx_word' id='word_1_277' title='bbox 1356 3907 1441 3965; x_wconf 87' lang='lat' dir='ltr'><strong>tem-</strong></span> 
     </span>
     <span class='ocr_line' id='line_1_30' title="bbox 208 4012 1259 4102; baseline -0.001 -21"><span class='ocrx_word' id='word_1_278' title='bbox 208 4036 264 4102; x_wconf 89' lang='lat' dir='ltr'>po,</span> <span class='ocrx_word' id='word_1_279' title='bbox 282 4036 352 4081; x_wconf 90' lang='lat' dir='ltr'>non</span> <span class='ocrx_word' id='word_1_280' title='bbox 368 4016 606 4102; x_wconf 77' lang='lat' dir='ltr'>permettendo</span> <span class='ocrx_word' id='word_1_281' title='bbox 621 4016 709 4081; x_wconf 83' lang='lat' dir='ltr'>altro</span> <span class='ocrx_word' id='word_1_282' title='bbox 725 4014 756 4081; x_wconf 86' lang='lat' dir='ltr'>le</span> <span class='ocrx_word' id='word_1_283' title='bbox 772 4015 878 4082; x_wconf 77' lang='lat' dir='ltr'>molto</span> <span class='ocrx_word' id='word_1_284' title='bbox 892 4012 1114 4100; x_wconf 81' lang='lat' dir='ltr'>occupationi</span> <span class='ocrx_word' id='word_1_285' title='bbox 1132 4012 1166 4079; x_wconf 90' lang='lat' dir='ltr'>di</span> <span class='ocrx_word' id='word_1_286' title='bbox 1180 4035 1259 4098; x_wconf 87' lang='lat' dir='ltr'><strong>qua.</strong></span> 
     </span>
    </p>

    <p class='ocr_par' dir='ltr' id='par_1_12' title="bbox 275 4129 1441 4212">
     <span class='ocr_line' id='line_1_31' title="bbox 275 4129 1441 4212; baseline -0.004 -13"><span class='ocrx_word' id='word_1_287' title='bbox 275 4134 329 4199; x_wconf 84' lang='lat' dir='ltr'>De</span> <span class='ocrx_word' id='word_1_288' title='bbox 343 4134 430 4197; x_wconf 81' lang='lat' dir='ltr'><strong>altre</strong></span> <span class='ocrx_word' id='word_1_289' title='bbox 445 4152 539 4212; x_wconf 82' lang='lat' dir='ltr'>cose,</span> <span class='ocrx_word' id='word_1_290' title='bbox 558 4131 625 4198; x_wconf 88' lang='lat' dir='ltr'>che</span> <span class='ocrx_word' id='word_1_291' title='bbox 642 4141 740 4197; x_wconf 78' lang='lat' dir='ltr'>tocco</span> <span class='ocrx_word' id='word_1_292' title='bbox 756 4130 847 4197; x_wconf 85' lang='lat' dir='ltr'>nella</span> <span class='ocrx_word' id='word_1_293' title='bbox 862 4151 924 4197; x_wconf 87' lang='lat' dir='ltr'>sua</span> <span class='ocrx_word' id='word_1_294' title='bbox 940 4129 965 4195; x_wconf 89' lang='lat' dir='ltr'>il</span> <span class='ocrx_word' id='word_1_295' title='bbox 987 4131 1024 4195; x_wconf 91' lang='lat' dir='ltr'><strong>P.</strong></span> <span class='ocrx_word' id='word_1_296' title='bbox 1049 4132 1153 4197; x_wconf 88' lang='lat' dir='ltr'><strong>Mtro.</strong></span> <span class='ocrx_word' id='word_1_297' title='bbox 1171 4130 1310 4197; x_wconf 85' lang='lat' dir='ltr'>Andrea</span> <span class='ocrx_word' id='word_1_298' title='bbox 1329 4130 1354 4211; x_wconf 73' lang='lat'>⁸,</span> <span class='ocrx_word' id='word_1_299' title='bbox 1373 4151 1441 4195; x_wconf 90' lang='lat' dir='ltr'>non</span> 
     </span>
    </p>
   </div>
   <div class='ocr_carea' id='block_1_8' title="bbox 208 4372 1445 4788">
    <p class='ocr_par' dir='ltr' id='par_1_13' title="bbox 261 4372 806 4447">
     <span class='ocr_line' id='line_1_32' title="bbox 261 4372 806 4447; baseline 0.004 -19"><span class='ocrx_word' id='word_1_300' title='bbox 261 4373 270 4405; x_wconf 80' lang='lat'><strong>¹</strong></span> <span class='ocrx_word' id='word_1_301' title='bbox 309 4372 605 4447; x_wconf 74' lang='lat' dir='ltr'>ExcodiceRogm.</span> <span class='ocrx_word' id='word_1_302' title='bbox 624 4372 664 4440; x_wconf 89' lang='lat' dir='ltr'>II,</span> <span class='ocrx_word' id='word_1_303' title='bbox 681 4372 731 4428; x_wconf 73' lang='lat' dir='ltr'><strong>fol.</strong></span> <span class='ocrx_word' id='word_1_304' title='bbox 746 4386 806 4443; x_wconf 78' lang='lat'><strong>911.</strong></span> 
     </span>
    </p>

    <p class='ocr_par' dir='ltr' id='par_1_14' title="bbox 208 4460 1445 4715">
     <span class='ocr_line' id='line_1_33' title="bbox 261 4460 1445 4535; baseline -0.005 -13"><span class='ocrx_word' id='word_1_305' title='bbox 261 4464 274 4499; x_wconf 80' lang='lat'>&#39;</span> <span class='ocrx_word' id='word_1_306' title='bbox 309 4460 492 4522; x_wconf 73' lang='lat' dir='ltr'>Octavianus</span> <span class='ocrx_word' id='word_1_307' title='bbox 509 4461 637 4535; x_wconf 68' lang='lat' dir='ltr'>eam,</span> <span class='ocrx_word' id='word_1_308' title='bbox 660 4460 774 4535; x_wconf 86' lang='lat' dir='ltr'>dequo</span> <span class='ocrx_word' id='word_1_309' title='bbox 790 4479 850 4518; x_wconf 86' lang='lat' dir='ltr'>oon</span> <span class='ocrx_word' id='word_1_310' title='bbox 868 4464 961 4517; x_wconf 82' lang='lat' dir='ltr'>semel</span> <span class='ocrx_word' id='word_1_311' title='bbox 979 4461 1119 4519; x_wconf 72' lang='lat' dir='ltr'><strong>diximus.</strong></span> <span class='ocrx_word' id='word_1_312' title='bbox 1141 4461 1284 4517; x_wconf 80' lang='lat' dir='ltr'><strong>Videatur</strong></span> <span class='ocrx_word' id='word_1_313' title='bbox 1306 4460 1344 4516; x_wconf 78' lang='lat' dir='ltr'>ad</span> <span class='ocrx_word' id='word_1_314' title='bbox 1365 4462 1445 4517; x_wconf 86' lang='lat' dir='ltr'>hunc</span> 
     </span>
     <span class='ocr_line' id='line_1_34' title="bbox 208 4551 865 4625; baseline -0.003 -15"><span class='ocrx_word' id='word_1_315' title='bbox 208 4555 307 4610; x_wconf 82' lang='lat' dir='ltr'>locum</span> <span class='ocrx_word' id='word_1_316' title='bbox 319 4553 505 4625; x_wconf 71' lang='lat' dir='ltr'>Pomcus,</span> <span class='ocrx_word' id='word_1_317' title='bbox 520 4552 645 4619; x_wconf 63' lang='lat' dir='ltr'>(Vtram,</span> <span class='ocrx_word' id='word_1_318' title='bbox 659 4552 712 4624; x_wconf 85' lang='lat' dir='ltr'>IV,</span> <span class='ocrx_word' id='word_1_319' title='bbox 729 4564 762 4621; x_wconf 88' lang='lat'>17</span> <span class='ocrx_word' id='word_1_320' title='bbox 775 4560 807 4606; x_wconf 88' lang='lat' dir='ltr'>et</span> <span class='ocrx_word' id='word_1_321' title='bbox 821 4551 865 4608; x_wconf 85' lang='lat'>18.</span> 
     </span>
     <span class='ocr_line' id='line_1_35' title="bbox 210 4640 1265 4715; baseline -0.002 -16"><span class='ocrx_word' id='word_1_322' title='bbox 210 4660 214 4666; x_wconf 81' lang='grc'>’</span> <span class='ocrx_word' id='word_1_323' title='bbox 263 4646 275 4677; x_wconf 83' lang='lat'>⁸</span> <span class='ocrx_word' id='word_1_324' title='bbox 312 4644 443 4715; x_wconf 76' lang='lat' dir='ltr'>Joanoeo</span> <span class='ocrx_word' id='word_1_325' title='bbox 455 4642 581 4698; x_wconf 63' lang='lat' dir='ltr'>mohac!</span> <span class='ocrx_word' id='word_1_326' title='bbox 595 4642 761 4709; x_wconf 77' lang='lat' dir='ltr'>Sorasious,</span> <span class='ocrx_word' id='word_1_327' title='bbox 774 4641 852 4709; x_wconf 74' lang='lat' dir='ltr'>sive,</span> <span class='ocrx_word' id='word_1_328' title='bbox 866 4650 899 4696; x_wconf 89' lang='lat' dir='ltr'>ut</span> <span class='ocrx_word' id='word_1_329' title='bbox 911 4642 977 4696; x_wconf 80' lang='lat' dir='ltr'><strong>aliis</strong></span> <span class='ocrx_word' id='word_1_330' title='bbox 991 4643 1100 4713; x_wconf 79' lang='lat' dir='ltr'>placet,</span> <span class='ocrx_word' id='word_1_331' title='bbox 1113 4640 1265 4697; x_wconf 69' lang='lat' dir='ltr'><strong>Saraceni.</strong></span> 
     </span>
    </p>

    <p class='ocr_par' dir='ltr' id='par_1_15' title="bbox 264 4729 610 4788">
     <span class='ocr_line' id='line_1_36' title="bbox 264 4729 610 4788; baseline 0 -1"><span class='ocrx_word' id='word_1_332' title='bbox 264 4736 275 4766; x_wconf 80' lang='lat'><strong>⁴</strong></span> <span class='ocrx_word' id='word_1_333' title='bbox 313 4731 449 4788; x_wconf 71' lang='lat' dir='ltr'><strong>Andrean</strong></span> <span class='ocrx_word' id='word_1_334' title='bbox 462 4729 610 4788; x_wconf 75' lang='lat' dir='ltr'><strong>Oviedus.</strong></span> 
     </span>
    </p>
   </div>
   <div class='ocr_carea' id='block_1_9' title="bbox 0 0 1813 5409">
    <p class='ocr_par' dir='ltr' id='par_1_16' title="bbox 0 0 1813 5409">
     <span class='ocr_line' id='line_1_37' title="bbox 0 0 1813 5409; baseline 0 0"><span class='ocrx_word' id='word_1_335' title='bbox 0 0 1813 5409; x_wconf 95' lang='lat' dir='ltr'> </span> 
     </span>
    </p>
   </div>
  </div>
 </body>
</html>
