3567 5409
530 474 634 531 Ensr.
654 472 792 544 ³9⁶⁸·-9
810 476 997 531 Decuunms
1017 474 1086 545 1553
1353 489 1388 546 ²9

257 628 304 696 V.
322 628 364 693 R.
383 626 524 693 attende
544 627 648 694 etiam
668 648 687 693 a
707 649 745 695 se
766 638 888 707 stesso,
912 638 946 697 et
963 649 1032 695 non
1055 628 1084 694 si
1105 627 1265 697 affatiche
1288 639 1422 715 troppo·

182 744 212 809 F
214 742 314 809 accia
329 742 353 808 il
369 742 497 828 meglio
512 745 578 812 che
598 742 627 809 si
649 744 729 829 pul),
751 763 851 811 como
867 746 980 812 anche
1000 743 1167 811 sacciamo
1183 765 1262 829 qua,
1280 746 1372 813 doue
1387 744 1421 811 in

183 877 235 926 un
254 859 377 945 giorno
392 882 414 925 o
435 858 492 925 doi
513 858 542 924 si
558 871 804 945 comparsero¹
826 860 870 927 da
892 878 930 928 12
951 860 1101 940 amalati
1118 871 1154 927 et
1169 860 1283 927 alcuni
1298 859 1334 925 di
1349 861 1422 927 loro

182 974 339 1042 maestri.
371 977 447 1042 Con
471 986 708 1071 tutto-questo
732 987 861 1060 quanto
884 976 995 1063 prima
1017 976 1046 1042 si
1069 976 1167 1062 potri
1190 978 1252 1043 dar
1275 975 1423 1063 aggiuto

181 1114 203 1157 a
220 1093 271 1158 V.
297 1094 354 1171 R..
371 1090 400 1158 si
419 1092 502 1159 lara.

255 1208 300 1273 Al
315 1208 427 1275 Padre
434 1208 634 1275 comissario
646 1208 675 1275 si
686 1208 799 1277 scriue
807 1211 982 1295 suspende
993 1209 1025 1276 la
1038 1230 1122 1277 cura
1131 1210 1189 1277 del
1201 1232 1265 1277 suo
1277 1209 1421 1277 offitio'.

183 1324 229 1393 V.
249 1326 293 1391 R.
321 1344 386 1409 pur
407 1345 490 1409 apra
506 1324 528 1389 il
550 1322 663 1409 plicho
684 1347 704 1392 a
724 1323 772 1390 lui
794 1322 974 1403 indrizam,
991 1337 1027 1394 et
1049 1324 1165 1393 mandi
1184 1326 1218 1393 le
1232 1327 1366 1407 lettere,
1385 1348 1423 1407 se

182 1440 267 1509 cosi*
279 1440 303 1505 li
324 1441 458 1526 pareri,
481 1461 502 1505 a
523 1441 682 1507 Modena.
707 1441 751 1506 Et
766 1450 896 1525 quanto
911 1462 932 1507 a
948 1441 1064 1526 quello
1084 1440 1196 1508 chesi
1216 1440 1375 1509 scriueua
1389 1443 1421 1507 al

181 1554 383 1637 comissario,
396 1556 492 1625 ueda
507 1556 610 1623 etiam
627 1557 659 1622 la
675 1558 717 1624 R.
737 1558 781 1623 V.
800 1555 832 1623 la
848 1567 947 1642 parte
961 1558 1026 1623 che
1042 1567 1189 1642 potrano
1204 1556 1382 1643 esseguire
1398 1557 1423 1625 li

183 1670 299 1737 nostri
315 1670 504 1750 modenesi,
519 1682 554 1739 et
567 1673 681 1756 quello
697 1694 735 1741 se
747 1671 770 1737 li
787 1672 1017 1752 raccomandi3
1031 1682 1067 1741 et
1082 1673 1139 1739 del
1151 1686 1242 1741 resto
1256 1672 1285 1740 si
1298 1672 1423 1739 habbia

182 1786 372 1872 pacientia.

253 1901 293 1971 Si
311 1904 436 1971 manda
453 1904 513 1969 un'
532 1904 618 1970 altra
635 1902 733 1987 copia
750 1903 838 1971 delle
862 1903 1088 1970 conclusioni:
1103 1915 1315 1989 ospeteremo
1332 1902 1353 1969 1'
1369 1903 1422 1971 ef·

183 2012 275 2086 letto
287 2020 352 2085 che
365 2016 534 2103 parturiri
547 2018 579 2084 la
590 2019 683 2085 bona
695 2017 873 2087 affettione
883 2017 964 2086 delli
977 2017 1109 2105 signori
1121 2019 1176 2086 del
1189 2018 1382 2107 regimento
1394 2020 1419 2101 ⁸3

182 2146 218 2203 et
236 2134 270 2200 ci
287 2134 503 2221 rallegriamo
518 2138 583 2201 che
601 2134 632 2201 la
649 2135 769 2201 schola
790 2134 879 2201 uada
895 2134 997 2203 bene.
1421 2146 1424 2161 '

252 2250 298 2316 Et
313 2249 394 2315 tutti
410 2248 441 2315 ci
458 2248 754 2317 raccomandiatno
769 2251 825 2318 all‘
843 2248 990 2315 orationi
1006 2248 1040 2315 di
1057 2252 1100 2317 V.
1121 2251 1163 2319 R.

252 2364 313 2434 Sia
325 2368 411 2454 Jesu
427 2366 493 2433 X.⁰
510 2365 591 2435 nelli
607 2364 703 2432 cuori
719 2365 839 2433 nostri.

250 2481 308 2548 De
323 2484 432 2548 Roma
448 2504 470 2570 9
485 2481 529 2551 de
546 2482 740 2550 Decembre
760 2496 855 2565 1553.

251 2597 453 2683 Inscriptio.
472 2600 505 2664 A
522 2598 592 2663 don
608 2598 803 2665 Francesco
819 2597 963 2665 Palmio.

358 2996 361 3003 Ι
446 2894 587 2961 enum
611 2769 1163 2966 11111319381111111111131
1279 2877 1282 2884 ’

574 3019 663 3062 noun
682 3024 700 3077 9
718 3019 898 3063 oecnnnms
920 3004 989 3077 1553
1011 3011 1030 3065 ¹.

181 3134 395 3197 Ferrarirrsi,
408 3134 446 3189 dr
457 3134 568 3207 exiguo
578 3131 689 3207 fructu
706 3132 760 3203 qui
778 3131 916 3207 Eugubii
932 3134 1071 3204 carpitur
1086 3132 1269 3205 perdolenti,
1282 3135 1422 3206 suggerl't

218 3226 359 3295 oporim
372 3238 425 3277 nos
437 3223 550 3291 quietos
559 3226 587 3276 11
600 3220 784 3292 tranquillos
793 3238 865 3285 esse,
879 3240 947 3277 cum
954 3221 1123 3293 fecerimus
1135 3240 1211 3293 quor
1222 3223 1257 3277 ir
1269 3221 1353 3278 nobis
1363 3224 1423 3279 sita

217 3310 449 3368 sint-Caesar
462 3312 640 3367 Aversanus
657 3327 672 3365 1
685 3312 764 3365 vivis
781 3310 917 3365 sublatus
928 3316 984 3367 est:
1011 3311 1097 3366 Violo
1109 3313 1213 3367 morbo
1225 3313 1422 3368 decumbit-
1532 3339 1537 3360 1

219 3403 267 3457 De
284 3398 650 3467 Ambrosio-Famulus,
669 3402 721 3470 qui
739 3402 903 3456 domestica
919 3399 1048 3455 servitia
1069 3400 1164 3465 obeat,
1181 3402 1420 3472 quaerendus.-

218 3490 294 3545 Post
307 3490 464 3561 scriptum.
480 3488 595 3543 Iterum
608 3489 645 3543 dr
657 3489 760 3543 eodem
774 3489 946 3543 Ambrosio.

257 3609 330 3674 Pax
348 3606 489 3675 Christi.

251 3722 294 3789 L'
313 3722 432 3791 ultime
447 3721 492 3790 de
508 3722 551 3789 V.
576 3723 617 3788 R.
641 3742 752 3789 sonno
768 3722 811 3789 de
834 3740 876 3803 24
893 3723 947 3789 del
969 3734 1106 3808 passam
1123 3724 1148 3805 ⁸,
1172 3735 1206 3789 et
1227 3746 1287 3809 per
1306 3722 1420 3808 quelle

237 3898 252 3925 ⁸
289 3898 482 3953 compassam
497 3899 552 3939 ms.

236 4026 249 4059 ¹
287 4024 364 4080 Vide
382 4024 538 4097 epistolam
554 4024 747 4097 superiorem.
768 4026 951 4091 Poenicus,
973 4024 1168 4096 Chron.‚111‚
1185 4028 1236 4080 160
1254 4036 1285 4081 et
1300 4030 1362 4099 161,
1376 4028 1422 4083 his

182 4116 295 4171 litteris
308 4131 379 4170 usus
393 4122 450 4169 est.

236 4206 249 4239 ³
287 4202 452 4259 Concilium
472 4203 666 4271 bononiense,
691 4206 870 4275 appellatum
895 4204 965 4259 ndei
983 4204 1212 4276 quadraginta».
1238 4178 1421 4277 Rusonem,

183 4294 312 4361 Chron„
325 4293 364 4365 11,
379 4292 423 4365 583
438 4294 536 4366 Epist.
550 4292 677 4357 Mixtus,
691 4294 728 4361 V,
742 4291 807 4363 693,
821 4303 853 4348 et
866 4310 965 4365 supra,
979 4294 1032 4366 111,
1048 4294 1110 4352 236.

240 4439 247 4471 ¹
289 4438 331 4493 Ex
347 4436 450 4493 codice
464 4438 584 4511 Regest.
599 4438 641 4502 H,
657 4436 707 4495 fol.
725 4450 777 4491 lov
789 4446 819 4493 et
835 4449 892 4495 111.
905 4438 1009 4492 Exstat
1023 4437 1220 4509 fragmentum
1231 4436 1261 4495 in'
1277 4438 1349 4497 Cod.
1361 4439 1423 4494 Μο-

184 4546 251 4584 nac.
266 4528 310 4595 11,
323 4526 374 4585 fol.
391 4539 449 4584 ttr.
464 4529 494 4597 (9
505 4526 707 4595 Novembris).

237 4620 248 4651 ²
286 4615 335 4673 Cf.
349 4616 446 4688 Epist.
462 4616 587 4681 Mixtus,
602 4616 656 4687 111,
669 4614 732 4687 613,
754 4633 830 4689 quae
843 4615 923 4673 diem
937 4630 972 4671 20
989 4613 1170 4674 Novembris
1183 4636 1252 4691 prae
1265 4638 1298 4675 se
1311 4619 1422 4687 ierunt,

184 4704 263 4761 unde
277 4704 416 4761 videntur
428 4704 555 4773 litterae,
571 4704 679 4779 quibus
692 4705 759 4761 heic
772 4704 980 4776 respondetur,
994 4706 1062 4760 illae
1075 4706 1195 4779 quidem
1208 4725 1266 4763 non
1280 4726 1356 4763 esse.
