3567 5409
565 470 673 529 Errsr.
695 470 850 541 3985.—16
869 474 1055 529 Decuunnre
1076 471 1145 543 ¹55³
1346 450 1355 466 ’
1403 473 1438 544 5³

234 648 311 707 sca,
330 628 466 697 almeno
480 630 514 698 la
530 631 659 699 deuota
674 627 893 697 solicitudine
909 641 945 695 et
966 627 1098 695 charitat
1115 628 1249 713 grande
1266 627 1300 694 di
1317 628 1363 696 V.
1381 628 1471 697 Sria.

233 764 310 809 non
327 746 396 829 puo
411 766 507 813 esser
522 750 587 813 che
604 768 674 813 non
690 744 816 826 habbia
832 745 1028 812 abondante
1044 743 1271 813 retributione
1284 745 1373 811 delta
1386 744 1473 811 diui-

232 879 280 925 na
298 870 333 927 et
352 882 487 930 summa
509 861 629 942 bontd,
651 865 718 931 che
733 860 793 947 piri
808 860 988 948 risguarda
1003 873 1018 900 ²
1040 861 1065 925 ti
1081 860 1179 927 cuori
1195 861 1252 926 ch'
1270 861 1347 927 altri
1363 860 1473 929 effetti

230 975 361 1042 alcuni.
379 978 423 1043 Et
438 989 568 1064 quanto
581 1000 601 1045 a
613 978 672 1045 noi
687 998 821 1063 sempre
837 987 1023 1045 restaremo
1039 974 1280 1062 obligatissimi
1293 976 1361 1043 alla
1373 987 1473 1043 santa

231 1091 413 1160 affettione
428 1096 492 1160 che
510 1094 554 1161 V.
573 1094 661 1162 Sria.
683 1092 718 1159 in
735 1112 841 1179 opere
857 1092 889 1159 ci
907 1102 1046 1172 mostra,
1065 1093 1197 1159 benche
1221 1114 1283 1179 per
1302 1093 1335 1159 la
1351 1093 1473 1160 funda-

232 1205 330 1271 tione
353 1206 410 1275 del
430 1208 578 1295 collegio
599 1230 750 1275 nascono
771 1210 893 1275 alcune
917 1208 1081 1289 dificulter,
1104 1207 1207 1274 etiam
1229 1207 1273 1274 da
1292 1218 1389 1294 parte
1408 1230 1470 1274 no-

231 1332 320 1403 stra,
342 1345 443 1391 como
464 1325 520 1390 dal
542 1327 644 1393 Mtro.
668 1326 807 1411 Laynez
828 1324 1008 1391 intendere
1030 1326 1073 1391 V.
1093 1324 1182 1393 Sria.
1201 1325 1227 1393 ⁸.
1245 1326 1292 1393 Se
1313 1346 1379 1411 pur
1395 1326 1469 1392 sari

234 1449 361 1521 questo
378 1440 409 1506 la
428 1441 568 1506 uoluntri
585 1441 629 1509 de
645 1440 712 1508 Dio
727 1442 772 1509 N.
791 1442 829 1510 S.
848 1442 913 1507 che
933 1440 961 1507 si
983 1439 1092 1507 faccia
1108 1462 1169 1525 per
1190 1442 1324 1520 adesso,
1350 1441 1373 1505 ti
1394 1441 1469 1507 seri

232 1574 319 1621 cosa
335 1555 436 1624 facile
451 1554 603 1641 supplire
620 1566 737 1625 nostre
752 1554 875 1625 debole
889 1558 996 1636 torze,
1014 1566 1048 1622 et
1065 1556 1124 1622 noi
1141 1576 1276 1623 saremo
1296 1557 1353 1622 dal
1369 1567 1471 1623 canto

228 1682 355 1737 nostro
370 1681 466 1739 tanto
482 1669 540 1758 pid
558 1670 682 1757 pronti,
701 1682 833 1757 quanto
854 1671 1038 1739 habbiamo
1060 1671 1118 1758 piu
1134 1671 1285 1758 speciale
1301 1670 1468 1739 affettion’

231 1786 266 1851 ai
283 1784 438 1873 seruigio
454 1787 498 1855 de
515 1788 558 1853 V.
578 1787 668 1857 Sria.
686 1798 721 1853 et
736 1788 780 1856 de
797 1797 886 1853 tutta
903 1788 936 1854 la
952 1772 1127 1873 republica
1140 1787 1182 1853 de
1195 1788 1344 1854 Genoua
1360 1810 1380 1854 a
1396 1790 1470 1875 glo-

232 1900 285 1967 ria
302 1902 346 1969 de
362 1902 431 1969 Dio
448 1904 491 1969 N.
511 1904 549 1973 S.

300 2018 367 2084 Cui
385 2018 502 2085 diuina
518 2030 553 2086 et
569 2040 704 2085 summa
721 2018 826 2086 bontd
842 2040 862 2087 a
880 2020 961 2086 tutti
978 2018 1130 2087 conceda
1146 2019 1258 2105 gratia
1279 2040 1341 2105 per
1362 2040 1469 2088 cono·

231 2136 324 2199 scer'
340 2146 374 2200 et
391 2134 564 2220 adempire
581 2156 643 2201 sua
659 2134 854 2203 santissima
869 2136 1028 2205 uolunti.

300 2252 355 2318 De
372 2251 480 2317 Roma
502 2251 542 2319 16
557 2249 592 2315 di
608 2252 801 2319 Decembre
822 2266 920 2337 1553.

301 2368 498 2452 Inscriptio.
518 2369 585 2435 Per
601 2365 624 2431 il
640 2386 793 2433 vescouo
809 2368 951 2449 vicario,
970 2370 1154 2449 aGenoua
1170 2372 1194 2435 ⁴.

287 2595 301 2622 ι
337 2580 491 2651 eriguarda
505 2598 561 2637 mc.

232 2778 373 2833 Genuam
396 2778 603 2853 deduceretur,
627 2790 658 2838 et
671 2782 788 2839 duobus
807 2782 958 2855 deputatis
976 2784 1122 2856 prioribus
1139 2783 1262 2840 totidem
1279 2782 1467 2857 addiderunt,

230 2868 360 2939 scilicet,
370 2869 572 2941 Augustinurn
586 2872 783 2930 Lomellinum
793 2881 823 2928 et
834 2873 1017 2947 Stephanum
1027 2874 1165 2947 Regium,
1181 2882 1213 2930 ut
1224 2884 1255 2929 et
1269 2876 1366 2930 locum
1379 2890 1468 2947 quae·

230 2966 334 3013 terent
355 2968 385 3014 et
407 2958 444 3014 de
467 2961 644 3017 necessariis
666 2962 703 3018 ad
717 2964 828 3019 vietum
851 2963 1052 3037 providerent.
1071 2964 1109 3019 Et
1125 2964 1166 3019 ite
1179 2964 1354 3036 Episcopus,
1371 2962 1463 3019 nomi-

231 3063 271 3101 ne
296 3046 438 3120 civitatis,
456 3065 473 3103 a
492 3049 527 3104 P.
551 3050 667 3121 Ignatio
694 3052 855 3123 postulavit
880 3052 986 3109 decern
1005 3062 1055 3109 aut
1074 3052 1260 3111 duodecim.»
1279 3052 1463 3125 ΡοιΑΝουε,

233 3134 360 3201 Chron..
374 3137 427 3209 111,
440 3149 485 3207 77.
500 3138 637 3213 Episcopi
651 3140 776 3213 litteras,
790 3142 898 3214 quibus
911 3143 1071 3215 respondet
1083 3142 1228 3214 Ignatius,
1241 3142 1310 3198 huic
1322 3141 1466 3215 epistotae

231 3224 454 3297 subjungimus.

286 3318 297 3348 ³
336 3316 412 3371 Vide
426 3316 582 3389 epistolam
595 3316 676 3389 3992.

285 3408 298 3440 ⁴
335 3407 440 3462 Errore
458 3406 569 3464 librarii
586 3407 728 3483 iuscripta
746 3418 793 3466 est
812 3410 883 3467 alibi
901 3412 975 3468 haec
991 3412 1118 3483 epistota
1134 3412 1275 3485 episcopo
1293 3410 1465 3467 «decrivi»

232 3492 355 3561 Cottas,
370 3496 423 3567 ΙΙΙ,
435 3494 498 3569 322,
513 3514 581 3553 cum
594 3499 736 3571 scriptum
749 3499 876 3556 fortasse
889 3509 971 3556 esset
984 3500 1149 3560 «cervoli».
1166 3503 1257 3558 Porro
1269 3501 1398 3557 vicarius
1413 3518 1466 3572 ge·

230 3585 354 3641 nuensis
375 3594 439 3643 erat
458 3586 604 3658 Aegidius
626 3589 770 3659 Fateatur,
790 3590 857 3646 eliis
876 3591 1083 3646 «Falconem»
1101 3591 1260 3666 episcopus
1280 3589 1467 3663 capruleneie

229 3675 335 3745 (vulgo
348 3672 479 3747 Caorte),
492 3676 602 3750 dequo
615 3678 800 3749 Uerrucius,
816 3678 910 3735 Italia
923 3696 1023 3745 sacra,
1038 3680 1077 3748 11,
1089 3680 1122 3735 61
1127 3693 1153 3754 53
1168 3682 1207 3753 V,
1223 3679 1302 3750 1341.
