3567 5409
561 498 664 556 Emer.
685 496 826 567 4344—7‘
841 499 970 553 Annius
992 492 1060 567 1554
1340 490 1392 566 517

260 650 362 719 Circa
376 650 456 736 quel
476 650 638 737 giouaue,
661 653 726 719 che
746 652 868 717 voleua
889 650 1006 717 intrar'
1028 650 1117 717 nella
1138 648 1366 736 Compagnia,
1391 663 1426 717 et

193 788 264 833 non
286 768 321 833 fa
341 764 400 852 piu
419 767 574 833 instanza
592 766 684 852 dopo
703 768 737 836 la
758 766 989 852 publicatione
1010 766 1043 833 di
1059 766 1139 851 quel
1155 766 1286 845 ordine,
1305 776 1427 851 questo

194 904 277 969 pare
288 882 324 970 (il
335 871 401 951 che
415 882 518 949 etiam
535 882 620 950 direi
636 883 680 951 de
696 882 822 966 simili):
841 883 917 962 che,
936 904 974 950 se
989 882 1038 949 lui
1055 884 1233 967 frequenta
1256 883 1287 949 le
1308 883 1428 951 scuole

196 1010 230 1069 et
249 998 279 1065 si
299 998 368 1085 pud
389 1017 595 1065 conseruare
615 998 695 1065 nelli
716 1000 821 1064 buoni
847 989 1010 1085 propositi
1033 974 1126 1077 suoi,
1152 999 1265 1065 debbe
1289 998 1429 1065 lassat-si

195 1126 298 1198 stare,
317 1124 353 1183 et
368 1115 573 1199 persuaderi
588 1112 624 1179 in
640 1125 762 1199 questo
777 1136 875 1181 mezo
890 1115 946 1181 alli
963 1114 1038 1181 suoi
1055 1116 1143 1181 forsa
1158 1118 1223 1183 che
1235 1114 1423 1181 siano'con·

196 1229 281 1298 tenti
294 1229 421 1317 seguiti
434 1231 466 1296 la
482 1251 545 1297 sua
560 1228 750 1299 vocatione.
770 1232 797 1297 F
799 1229 996 1313 inalmente,
1016 1231 1152 1316 quando
1168 1252 1236 1297 non
1253 1228 1282 1298 si
1299 1228 1429 1316 potessi

195 1344 230 1411 di
245 1346 279 1412 la
293 1365 499 1414 conseruare
514 1346 602 1412 fuori
618 1346 653 1410 di
668 1366 749 1414 casa
765 1358 893 1425 nostra,
912 1348 956 1413 ne
973 1346 1177 1430 persuadere
1192 1344 1248 1411 alli
1264 1346 1340 1412 suoi
1355 1348 1428 1427 fos-

195 1461 273 1528 sino
292 1460 459 1541 eontenti,
481 1482 518 1528 se
537 1462 586 1527 lui
606 1465 707 1528 vorra
727 1462 771 1528 da
791 1462 828 1529 se
849 1474 960 1529 stesso
980 1462 1115 1531 vscirne
1137 1460 1225 1529 fuori
1246 1462 1301 1527 del
1326 1482 1429 1548 paese

196 1598 260 1644 suo
275 1588 311 1644 et
326 1552 506 1645 venirsene
521 1577 556 1642 di
573 1598 640 1661 qua
656 1599 677 1644 3
693 1577 728 1644 13
744 1579 952 1665 altro-luogo
968 1579 1017 1645 de‘
1026 1579 1058 1644 la
1076 1578 1302 1663 Compagnia,
1325 1598 1430 1643 sanna

196 1709 311 1762 essere
332 1694 493 1760 mandato
512 1694 556 1761 de
578 1694 621 1759 V.
645 1696 702 1774 R,
725 1694 758 1760 13
779 1695 874 1781 porri
897 1696 980 1775 fare;
1004 1706 1039 1761 et
1059 1695 1169 1781 potria
1186 1696 1430 1761 abstenersene

197 1809 311 1876 alcuni
327 1809 441 1895 giorni
456 1811 500 1877 de
516 1832 587 1876 non
603 1811 700 1879 venir
720 1812 785 1879 alla
806 1812 910 1891 scola,
935 1812 1041 1897 prima
1062 1814 1126 1877 che
1149 1810 1269 1877 lacessi
1291 1822 1428 1895 questo.

264 1927 331 1995 Del
348 1925 500 1994 riceuere
515 1919 634 1992 denari
651 1948 711 2012 per
726 1927 913 1995 elemosina
930 1938 1143 2013 puramente,
1162 1938 1215 1993 sta
1231 1928 1331 2007 bene3
1348 1925 1430 1992 rice·

198 2042 292 2110 uerle
316 2062 376 2128 per
400 2062 523 2121 messe,
549 2062 571 2107 3
594 2042 816 2122 confessioni,
841 2062 863 2109 o
887 2042 962 2109 altri
989 2042 1168 2110 ministerii
1195 2064 1263 2107 non
1292 2041 1320 2108 si
1348 2042 1429 2127 pud.

199 2159 349 2243 Quando
371 2156 546 2224 accadessi
569 2161 634 2224 che
657 2159 781 2225 alcuna
804 2180 962 2243 persona,
987 2158 1018 2225 al
1044 2171 1158 2245 tempo
1181 2160 1246 2224 che
1272 2158 1432 2224 dimamda

199 2290 323 2354 messe,
347 2285 429 2355 313,
452 2272 606 2342 offeressi
627 2274 659 2340 la
679 2274 877 2350 elemosina,
903 2296 940 2341 se
965 2274 987 2339 li
1013 2278 1080 2361 pud
1104 2274 1188 2353 dire,
1216 2284 1344 2359 quanto
1369 2274 1432 2339 alle

200 2410 322 2469 messe,
345 2388 461 2455 chesi
483 2399 616 2457 accetta
638 2392 672 2454 lo
692 2400 835 2456 assunto
858 2411 879 2456 o
901 2410 980 2469 non,
1006 2406 1104 2457 come
1120 2392 1252 2475 pareriq
1273 2410 1326 2455 ma
1342 2389 1431 2455 della

199 2503 396 2590 elemosina,
411 2507 478 2571 che
490 2526 559 2571 non
572 2504 600 2571 s'
613 2516 745 2574 accetta
757 2528 817 2592 per
829 2526 912 2574 cose
924 2504 1037 2585 simili3
1057 2527 1111 2571 ma
1127 2506 1200 2571 1313
1216 2506 1248 2570 13
1265 2517 1433 2591 potranno

200 2620 273 2688 fare
284 2620 507 2689 liberamente
523 2621 661 2704 quando
677 2642 860 2699 vorranno,
876 2622 962 2688 altra
975 2623 1079 2687 volta.
1094 2622 1138 2687 Et
1151 2620 1277 2708 meglio
1289 2620 1433 2687 sarebbe

199 2739 264 2803 che
279 2756 349 2802 non
365 2734 394 2802 si
411 2735 562 2823 pigliassi
578 2737 611 2801 al
627 2747 742 2822 tempo
758 2739 823 2804 che
839 2738 867 2803 si
888 2748 1021 2803 3333113
1042 2738 1065 2801 l'
1088 2747 1230 2803 assunto
1251 2737 1294 2802 de
1314 2736 1378 2801 dir'
1402 2736 1434 2803 le

200 2873 324 2933 messe3
342 2873 397 2918 ma
412 2850 443 2917 si
459 2852 633 2919 accadessi
649 2851 818 2938 pigliarla,
837 2854 998 2921 hauendo
1013 2852 1122 2939 prima
1138 2852 1271 2918 auisato
1287 2855 1352 2919 che
1366 2871 1433 2916 non

200 2965 228 3034 εἲ
240 2979 372 3035 3333113
384 2966 500 3035 niente
513 2989 574 3053 per
586 2968 618 3035 le
635 2988 759 3047 messe,
778 2978 861 3049 313,
879 2978 914 3033 31
932 2967 1127 3054 replicando
1144 2968 1165 3032 l'
1183 2968 1269 3033 altro
1285 2969 1350 3033 che
1367 2988 1435 3031 non

201 3083 233 3148 le
252 3084 296 3148 dir
317 3104 377 3167 per
395 3084 522 3167 quelle,
541 3104 595 3148 ma
611 3104 672 3168 per
688 3104 774 3168 pura
790 3083 968 3163 lemosina,
987 3105 1055 3149 non
1073 3084 1090 3149 ὲ
1108 3104 1190 3150 cosa
1206 3085 1273 3149 che
1288 3083 1317 3147 si
1335 3102 1436 3167 possa

202 3200 418 3285 reprendere,
436 3209 661 3284 quantunque
678 3199 735 3285 piu
751 3210 786 3266 et
802 3220 903 3266 meno
920 3200 1136 3267 edificatione
1158 3199 1185 3265 si
1208 3200 1264 3277 di,
1289 3198 1438 3266 secondo

201 3314 226 3381 il
241 3316 343 3381 modo
358 3314 561 3401 meglioreo
580 3334 704 3381 manco
721 3316 839 3382 buono
855 3318 921 3383 che
936 3316 964 3381 si
983 3318 1088 3384 tiene.

270 3432 315 3499 Al
337 3432 431 3498 Rd0.
449 3434 553 3497 Μ113.
578 3413 726 3497 Anibale
745 3432 758 3464 ³
780 3444 815 3497 et
831 3432 858 3496 Ι11
876 3431 1062 3519 magnifico
1085 3435 1186 3499 Mtro.
1211 3430 1403 3497 Domenico
1425 3430 1438 3464 ⁴

203 3547 308 3613 reoda
325 3547 370 3615 V.
388 3549 429 3614 R.
449 3548 480 3612 le
497 3547 606 3633 gratie
622 3568 681 3633 per
699 3561 794 3633 parte
811 3548 853 3614 de
870 3550 914 3615 N.
937 3551 990 3629 P,
1009 3568 1106 3617 come
1123 3548 1145 3613 li
1163 3550 1293 3633 pareri.
1322 3582 1324 3585 ·

271 3664 310 3729 L'
329 3664 417 3728 altro
432 3662 589 3741 sabbato,
607 3673 832 3749 quantunque
848 3663 881 3728 io
898 3652 966 3731 non
984 3665 1016 3728 lo
1034 3684 1173 3748 sapeu0,
1194 3665 1230 3729 lu
1246 3664 1330 3729 dato
1345 3664 1440 3747 qual·

203 3780 270 3845 che
285 3778 406 3847 ordine
427 3801 487 3866 per
507 3777 663 3844 satisfare
682 3800 702 3844 a
724 3779 828 3863 quelli
850 3780 905 3847 del
929 3780 1103 3846 lazaretto.
1130 3782 1239 3845 Come
1264 3778 1441 3865 sappiamo

204 3894 262 3981 piu
283 3894 517 3962 chiaramen'te
533 3896 568 3960 13
585 3896 703 3962 effetto
718 3898 783 3961 che
799 3894 828 3961 si
845 3896 920 3963 fece
935 3897 1053 3976 allora,
1072 3900 1148 3964 sera
1165 3894 1300 3961 auisato
1318 3897 1361 3961 V.
1383 3897 1439 3976 R.;

204 4032 225 4076 a
245 4010 300 4076 cui
322 4011 467 4078 orationi
488 4010 593 4075 molto
617 4010 648 4076 ci
673 4012 985 4091 raeeomandiamo,
1012 4012 1154 4079 insieme
1177 4032 1243 4077 con
1267 4012 1383 4097 quelle
1412 4013 1434 4076 d

204 4126 315 4192 nostri
332 4126 453 4193 fratelli
470 4126 673 4193 charissimi.

272 4241 332 4310 Sia
343 4244 429 4330 Je'sri
445 4242 511 4309 X.⁰
527 4265 594 4309 con
613 4242 706 4309 tutti.

272 4362 326 4427 De
342 4361 450 4425 Roma
467 4372 487 4441 7
503 4360 547 4424 de
565 4358 683 4444 Aprile
695 4369 799 4443 ‘1554
866 4380 869 4385 ·
892 4375 894 4378 ·

271 4455 474 4562 Inscriptio(
498 4457 997 4545 113113113ΡῘΙ11113.033313.ΙῚ
1064 4475 1066 4483 ’

258 4729 270 4760 ⁵
308 4726 438 4781 Annibal
457 4726 625 4786 Grisonius.
915 4728 925 4760 ⁸
963 4726 1137 4781 Dominicus
1151 4726 1329 4784 Loredanus.

325 4824 424 4868 1133311.
441 4823 660 4879 Ionan-Brun..
675 4835 735 4868 1311.
752 4824 790 4867 Vl
1279 4828 1307 4873 31
