3567 5409
402 475 456 534 228
748 451 758 468 ⁸
778 480 986 535 Mouuusmn
1000 480 1179 535 tetrartum

369 653 451 714 sem,
470 633 528 717 qui
545 631 646 700 hodie
665 633 710 700 ad
730 653 905 701 cesaream
928 632 1142 717 majestatem
1164 609 1272 700 Roma
1291 616 1467 720 profectus
1486 646 1542 702 est
1565 635 1591 701 ³.

365 750 426 816 Est
442 748 495 814 uir
511 747 741 827 doctissimus,
754 760 790 815 et
805 746 873 814 iam
890 759 974 814 tunc
990 768 1070 814 cum
1085 758 1178 816 esset
1193 748 1357 835 magister
1372 748 1460 816 sacri
1472 749 1593 835 palatii

364 885 428 967 nos
441 863 624 951 plurimum
636 865 670 931 in
683 863 834 932 Domino
845 862 1023 950 diligebat,
1037 874 1073 931 et
1084 862 1151 930 iam
1164 863 1232 930 iam
1244 865 1463 950 profecturus
1474 865 1592 932 omnia

364 981 464 1048 nobis
480 979 652 1067 pollicitus
667 991 732 1062 est,
751 1001 840 1064 quae
861 991 1032 1066 praestare
1052 979 1144 1065 apud
1163 999 1356 1048 caesaream
1375 981 1592 1066 majestatem

365 1109 493 1184 posset,
512 1109 547 1165 et
563 1095 700 1182 quidem
716 1116 844 1183 magno
859 1117 940 1164 cum
956 1097 1096 1176 affectu,
1116 1107 1153 1163 ut
1169 1096 1363 1166 uidebatur.
1380 1095 1543 1177 Proinde,
1561 1096 1591 1163 si

365 1212 526 1282 acciderit
542 1213 678 1280 occasio
694 1211 821 1278 curiam
838 1232 1032 1280 caesaream
1049 1211 1211 1291 adeundi,
1225 1213 1270 1278 V.
1286 1213 1328 1280 R.
1347 1233 1427 1279 eum
1436 1211 1594 1280 officiose

364 1330 487 1398 salutet
508 1329 646 1396 nomine
666 1329 779 1396 Patris
799 1326 907 1394 nostri
928 1327 1052 1414 Ignatii
1073 1339 1108 1396 et
1128 1327 1236 1394 totius
1256 1329 1392 1408 domus,
1410 1339 1445 1397 et
1460 1329 1490 1395 si
1507 1328 1594 1414 quid

364 1444 421 1513 ille
437 1455 609 1531 praestare
619 1443 743 1532 poterit
759 1443 946 1529 gratiarum
963 1444 1061 1530 (quas
1076 1443 1301 1530 amplissimas
1317 1465 1397 1512 eum
1408 1445 1500 1513 ferre
1513 1443 1591 1512 exi·

363 1560 475 1645 stimo)
489 1561 543 1628 uel
557 1558 698 1639 fauoris
713 1558 889 1644 prestabit,
905 1570 944 1625 ut
956 1581 1069 1644 spero,
1084 1580 1303 1646 magnacum
1316 1560 1493 1627 charitate.
1509 1562 1589 1627 Non

353 1675 478 1744 'tamen
506 1677 549 1745 ad
570 1675 701 1744 curiam
722 1675 901 1762 perueniet
926 1690 993 1742 tam
1015 1676 1100 1758 cito;
1130 1677 1235 1743 frater
1261 1677 1353 1747 enim
1380 1687 1434 1744 est
1461 1676 1595 1744 ordinis

366 1791 649 1880 praedicatorum,
663 1803 698 1858 et
713 1791 876 1878 paulatim
893 1791 959 1860 iter
973 1791 1145 1873 conficiet,
1162 1810 1232 1859 non
1244 1793 1426 1874 currend0,
1440 1793 1502 1861 sed
1519 1815 1595 1860 rno-

362 1909 481 1977 derate
503 1907 703 1994 equitando.

433 2024 598 2110 Princeps
615 2023 871 2110 Hispaniarum,
885 2034 921 2092 et
936 2023 1003 2092 iam
1020 2025 1160 2091 futurus
1172 2024 1323 2112 Angliae
1345 2047 1405 2092 rex
1419 2026 1444 2106 ‘,
1462 2024 1593 2111 optime

361 2137 474 2229 ergad
495 2140 702 2209 Societatem
723 2149 874 2216 nostram
896 2141 1040 2207 affectus
1066 2151 1131 2222 est,
1160 2141 1251 2208 sicut
1269 2152 1305 2207 ct
1327 2141 1488 2208 dominus
1511 2143 1591 2226 Ruy

307 2256 309 2260 ’
361 2259 494 2326 Gomez
509 2257 553 2326 de
569 2256 676 2336 Silua,
695 2254 753 2341 qui
769 2254 897 2341 primas
912 2256 1003 2342 apud
1020 2255 1130 2342 ipsum
1145 2268 1250 2338 tenet,
1268 2268 1303 2324 et
1314 2256 1476 2324 dominus
1486 2258 1590 2324 Gun-

362 2373 514 2441 disaluus
528 2376 647 2454 Perez,
661 2372 791 2458 primus
804 2372 1020 2441 secretarius.
1039 2371 1240 2441 Aretissime
1255 2373 1346 2439 enim
1362 2372 1512 2459 diligunt
1524 2373 1590 2442 So-
1637 2419 1641 2424 -

361 2489 520 2559 cietatem
533 2501 697 2570 nostram,
721 2488 815 2555 etde
836 2507 876 2553 ea
893 2486 1020 2572 optime
1042 2488 1208 2558 sentiunt.
1231 2487 1325 2556 Nihil
1344 2510 1431 2576 ergo
1449 2488 1591 2556 difficile

360 2603 542 2691 impetratu
560 2605 633 2670 iore
649 2600 828 2683 existimo,
839 2603 931 2687 quod
943 2603 985 2668 ad
998 2602 1110 2688 ipsum
1124 2603 1312 2690 principem
1324 2605 1492 2691 pertineat
1503 2624 1591 2670 con-

362 2719 463 2788 ferre.
481 2721 520 2786 In
537 2719 653 2805 primis
670 2732 795 2798 tamen,
814 2717 919 2784 immo
930 2719 1042 2786 solum
1055 2719 1091 2785 in
1103 2719 1253 2786 Domino
1265 2721 1414 2787 'anchora
1432 2718 1506 2806 spei
1523 2740 1592 2786 no·

361 2846 452 2903 strae
468 2833 708 2902 constituenda
729 2846 794 2901 est.

426 2951 463 3019 Si
480 2950 727 3018 confessionale
743 2960 777 3018 et
798 2949 915 3018 bulla'e
934 2949 1082 3018 fabricae
1102 2951 1261 3037 expedite
1284 2950 1423 3032 fuerint,
1446 2951 1592 3019 mitten-

361 3079 510 3134 turcum
526 3067 591 3132 hoc
609 3065 742 3146 nunti03
765 3063 794 3131 si
815 3064 850 3130 id
871 3085 941 3130 non
961 3065 1086 3151 poterit
1105 3066 1191 3146 fieri,
1216 3087 1296 3134 cum
1317 3066 1426 3153 primo
1441 3067 1589 3135 mittam.

426 3179 636 3268 Accepimus
660 3181 853 3266 pecuniam,
876 3192 913 3247 et
933 3180 976 3249 de
991 3202 1044 3262 ea,
1063 3201 1151 3266 quae
1167 3181 1202 3247 in
1218 3183 1462 3250 eleemosinam
1484 3182 1592 3250 missa

359 3307 424 3379 est,
443 3297 571 3384 gratias
587 3297 734 3384 agimus
754 3299 862 3363 multo
878 3297 985 3384 pluris
1001 3298 1203 3366 charitatem
1221 3301 1321 3384 (quae
1336 3319 1379 3366 ex
1395 3321 1437 3366 ea
1460 3300 1589 3382 elucet)

360 3435 460 3498 quam
478 3413 618 3498 reliqua,
638 3433 855 3498 quecumque
872 3414 992 3480 donari
1003 3427 1158 3499 possunt,
1178 3414 1355 3482 facientes.

428 3533 494 3598 Pro
512 3546 552 3614 25
570 3529 706 3596 coronis
722 3526 876 3615 magistri
900 3529 1041 3596 Adriani
1063 3529 1209 3596 Candidi
1229 3530 1425 3617 accepimus
1446 3542 1531 3614 24⁰¹
1549 3543 1590 3601 et

360 3667 464 3713 vnum
490 3645 657 3727 carlinun,
680 3645 715 3710 id
739 3657 803 3724 est,
826 3645 993 3712 decimam
1020 3658 1176 3730 quartam
1200 3659 1332 3733 partem
1356 3667 1503 3714 coronae
1531 3647 1591 3716 uel

358 3764 459 3850 paulo
487 3761 644 3848 amplius,
666 3775 701 3829 et
729 3783 797 3829 non
824 3762 1058 3830 existimamus
1083 3785 1246 3849 magnum
1275 3763 1532 3846 detrimentum,
1557 3765 1590 3832 si

357 3899 595 3964 comparemus
611 3869 689 3943 cum
703 3877 856 3958 cambiis,
872 3878 1007 3962 quaein
1025 3879 1191 3965 Hispania
1204 3891 1216 3918 ⁸
1231 3882 1322 3946 vltro
1336 3879 1490 3966 citroque
1505 3901 1590 3947 cur-

357 4006 451 4063 runt.

424 4109 512 4178 Aliis
528 4107 650 4174 litteris
666 4107 709 4176 de
727 4119 836 4195 porta,
854 4131 943 4194 quae
958 4110 1142 4195 euangelio
1158 4112 1310 4195 aperitur
1326 4111 1362 4177 in
1377 4111 1538 4198 Ethiopia
1551 4124 1588 4182 et

357 4227 390 4292 in
409 4225 514 4302 India,
534 4223 784 4304 admonuimus
803 4223 867 4290 iam
886 4225 922 4290 in
939 4225 1105 4310 Aphrica,
1123 4246 1226 4310 quam
1242 4229 1508 4296 macometthaui
1532 4239 1584 4296 te-

411 4389 424 4428 d
463 4404 533 4454 ergo
547 4405 601 4441 ms.
641 4399 689 4427 —0
710 4385 881 4453 Hispaniam
897 4403 950 4441 mr.

358 4485 554 4494 ———---·--.-

410 4533 418 4561 ⁷
458 4529 525 4581 Erat
540 4529 586 4581 hic
601 4527 801 4598 Hieronymus
814 4526 1013 4594 nazarenns,
1028 4525 1065 4584 Ο.
1080 4527 1128 4597 Ρ.,
1141 4526 1179 4580 de
1192 4542 1251 4600 quo
1267 4527 1337 4583 alibi
1351 4529 1530 4584 mentionem
1544 4529 1586 4584 ie·

355 4620 459 4674 cimus.
475 4619 519 4670 De
533 4635 568 4670 eo
582 4619 643 4684 agit
658 4617 839 4686 poraneus,
856 4617 1045 4688 Chron.,1V‚
1061 4617 1123 4673 288.
1139 4617 1215 4671 Vide
1233 4618 1386 4690 epistotam
1400 4629 1584 4692 sequentem.

347 4730 352 4739 ·
410 4711 421 4740 ⁸
458 4707 611 4777 Philippus
626 4707 663 4762 11.
