3567 5409
535 485 642 539 Errsr.
665 482 816 553 43¹9·-³¹
838 485 953 539 1113111
976 496 1042 554 1554
1316 500 1365 558 541

241 637 309 704 llll’
325 638 471 704 orationi
488 638 523 704 di
539 639 581 704 V.
602 640 643 705 R.
662 639 770 704 molto
786 637 819 704 ci
836 640 1130 707 raccomandiamo
1145 650 1180 707 et
1196 664 1215 707 a
1233 644 1346 726 quelle
1361 646 1404 712 de

171 754 257 818 111111
272 753 296 817 11
312 753 436 823 fratelli
451 754 574 822 nostri.
1289 819 1292 825 ,

241 868 369 957 Uoglio
384 869 486 939 etiam
502 873 568 936 che
588 868 706 956 sappia
726 872 758 936 la
779 867 820 937 R.
846 871 889 936 V.
917 872 993 950 che,
1020 872 1182 939 hauendo
1206 872 1326 940 scritto
1350 874 1405 941 alli

171 986 300 1073 collegi
316 986 448 1053 lasciuo
459 998 551 1053 stare
563 986 586 1052 il
603 985 822 1071 Dispaut'erio
836 1007 874 1053 se
891 1006 960 1052 non
979 985 1075 1071 piace
1094 986 1290 1075 allegante,
1306 990 1337 1057 ci
1350 1014 1405 1059 re-

170 1102 352 1187 spondeno
367 1114 646 1169 communmente
661 1104 728 1167 che
742 1101 767 1167 11
779 1101 1007 1187 Despauterio
1019 1122 1089 1168 non
1103 1094 1274 1189 despiace,
1290 1117 1325 1173 et
1339 1109 1406 1174 che

171 1216 202 1282 si
219 1228 365 1285 trouano
380 1218 469 1286 bene
484 1238 551 1285 con
566 1219 693 1305 quello.
712 1219 748 1284 ln
768 1219 910 1285 Ferrara
926 1217 956 1283 si
971 1220 1205 1287 accomodano
1227 1220 1283 1287 alli
1302 1222 1406 1290 ferra-

173 1332 244 1399 rezi
260 1332 297 1407 in
313 1334 430 1401 buoua
446 1336 573 1415 liora).

243 1446 302 1517 Sia
312 1451 396 1535 Jesu
413 1450 477 1515 X.⁰
493 1470 559 1515 con
576 1450 656 1516 tutti
673 1448 744 1517 noi.

244 1565 297 1631 D'e
313 1566 421 1631 Roma
437 1565 559 1632 ultimo
574 1566 619 1634 de
634 1568 752 1633 Marzo
769 1581 869 1650 1554.

243 1679 439 1749 Habbiamo
457 1680 570 1748 inleso
590 1702 650 1767 per
670 1684 790 1749 lettere
812 1680 847 1747 di
872 1680 1016 1749 Corsica
1042 1704 1062 1750 e
1084 1682 1231 1749 Genoua
1252 1685 1319 1749 che
1341 1685 1409 1753 Dio

173 1796 220 1862 N.
239 1798 279 1865 S.
296 1796 444 1889 1131111111
460 1796 484 1863 11
499 1797 649 1885 trauagli
664 1808 699 1862 et
719 1808 819 1863 sante
835 1796 964 1863 fatiche
993 1798 1049 1863 del
1072 1798 1184 1866 Padre
1205 1798 1273 1865 don
1297 1800 1407 1869 Silue-

174 1922 249 1979 stro
269 1915 308 1992 ¹⁰.
324 1913 557 1981 commissario
570 1913 604 1980 di
620 1914 657 1982 S.
677 1913 714 1981 S.
734 1912 769 1978 in
786 1913 880 1998 quel'
898 1914 995 1980 isola.
1016 1916 1124 1982 Passo
1146 1912 1179 1980 di
1197 1928 1318 1999 questa
1336 1916 1406 1984 vita

175 2028 232 2093 alli
250 2049 271 2113 3
286 2029 342 2095 del
357 2042 528 2114 presente,
546 2028 721 2095 lasciando
737 2030 871 2115 grande
886 2030 991 2095 odore
1007 2039 1041 2095 et
1058 2028 1286 2111 edificatione,
1312 2042 1407 2098 lanto

173 2144 264 2211 della
280 2144 364 2225 uita,
381 2155 511 2231 quanto
522 2144 612 2213 della
625 2156 737 2213 morte
748 2166 824 2211 sua.
840 2146 953 2213 Stette
966 2144 989 2210 li
999 2162 1018 2210 2
1022 2159 1040 2229 5
1054 2144 1167 2230 giomi
1181 2144 1290 2211 ultimi
1304 2166 1407 2214 senza

175 2260 335 2347 mangiar
354 2260 452 2345 quasi
474 2260 553 2328 cibo
572 2260 709 2328 alcuno.
734 2262 778 2325 Et
795 2261 929 2329 benehe
947 2260 1097 2329 teniamo
1112 2271 1207 2329 certo
1222 2264 1286 2329 che
1302 2274 1355 2330 sta
1371 2262 1406 2329 in

175 2377 257 2443 loco
279 2377 323 2443 de
347 2388 444 2463 poter
466 2376 679 2445 intercedere
703 2396 763 2462 per
788 2376 856 2455 noi,
883 2378 916 2443 le
941 2378 1011 2443 RR.
1040 2377 1116 2443 VV.
1146 2399 1209 2462 pur
1227 2377 1361 2445 laciano
1384 2378 1407 2445 il

176 2492 320 2561 debbito
334 2494 424 2562 della
435 2493 555 2561 carita.

243 2609 272 2674 ll
287 2631 351 2676 suo
365 2631 571 2696 compagum
590 2612 691 2676 Mtro.
712 2610 873 2677 Manuale
892 2612 931 2690 ¹¹,
945 2629 1070 2677 ancora
1083 2611 1102 2675 e
1115 2622 1205 2676 stato
1218 2610 1308 2677 assai
1322 2610 1407 2678 uici-

177 2748 224 2791 no
239 2727 306 2794 alla
322 2732 443 2804 morte,
463 2724 593 2812 magii
616 2734 668 2791 sta
690 2724 816 2811 meglio
836 2736 871 2791 et
892 2725 1059 2792 comincia
1080 2748 1100 2792 3
1123 2725 1311 2811 predicare.
1339 2728 1409 2793 Pur

175 2842 221 2909 N.
243 2845 283 2909 P.
301 2841 325 2907 li
340 2845 385 2909 113
397 2842 554 2923 ordinato
573 2862 688 2927 uenga
704 2842 740 2907 in
756 2841 915 2908 Geooua.

244 2959 441 3045 lmcriptio.
463 2959 492 3023 A
511 2959 664 3025 Ferrara.
686 2958 731 3024 Al
749 2957 788 3022 P.
809 2957 1003 3024 Pelletario.

231 3226 243 3257 ’
280 3221 421 3277 Videatur
433 3220 471 3275 de
483 3222 537 3274 hac
549 3238 582 3275 re
593 3221 775 3289 PottrtctJS,
791 3218 916 3284 Chron„
930 3217 982 3287 lV,
992 3216 1037 3287 58,
1048 3217 1099 3289 qui
1109 3234 1213 3273 causas
1223 3218 1407 3291 perstringit,

174 3314 216 3369 ob
227 3328 301 3384 quas
310 3311 453 3366 «scholae
466 3308 657 3363 ferrarienses
670 3307 804 3361 imminui
814 3306 954 3377 paulatim
968 3314 998 3360 el
1012 3322 1134 3360 numero
1147 3314 1178 3360 et
1192 3306 1347 3362 nobilitate
1359 3324 1408 3361 au·

175 3402 305 3458 <litorum
314 3407 504 3469 coeperunt».

224 3490 247 3525 ¹⁰
271 3490 428 3546 -Silrerrer
441 3488 600 3546 landinus.

222 3582 242 3612 '¹
280 3580 452 3635 Emmanuel
466 3577 588 3634 Gomes.
