3567 5409
560 500 664 561 Errsr.
686 498 824 570 4⁰³9·-·2
842 502 995 573 Januarii
1010 512 1079 571 1554
1349 500 1402 570 143

199 627 294 693 vllus
313 648 432 693 eorum
452 626 488 692 in
509 626 711 712 theologicis
727 626 851 694 studiis
867 642 1025 696 versatus
1040 638 1224 712 antequam
1241 629 1286 694 ad
1306 628 1436 697 Vrbem

198 743 398 810 accederet.
415 742 555 811 Interim
573 764 642 809 non
659 744 780 810 deesse
795 743 862 809 illis
878 743 1076 829 quicquam,
1095 764 1160 812 nec
1176 744 1219 809 de
1235 742 1440 821 necessariis

199 859 246 924 ad
269 858 460 925 studiorum
483 858 689 945 profectum,
713 880 776 926 nec
797 859 841 927 de
861 859 1015 926 comodis
1035 861 1079 926 ad
1095 859 1248 945 corporis
1270 837 1439 925 valetudiss

200 996 297 1056 nem,
315 995 379 1043 nec
395 977 437 1041 de
453 976 655 1061 opportunis
670 977 714 1041 ad
730 978 910 1042 honestam
927 975 1188 1056 recreationem,
1205 974 1366 1061 patimur.
1388 976 1437 1041 Vt

199 1088 295 1157 enim
316 1089 420 1156 animi
441 1088 563 1157 studiis
580 1110 620 1157 ac
641 1093 744 1158 rebus
764 1090 863 1157 seriis
883 1090 1019 1172 intenti,
1043 1102 1079 1156 et
1099 1111 1243 1176 corpora
1264 1089 1367 1158 etiam
1385 1112 1438 1157 re-

200 1216 378 1286 creentur,
403 1204 454 1271 bis
476 1204 510 1271 in
527 1206 741 1273 hebdomada
758 1230 778 1273 a
794 1206 938 1293 prandio
953 1219 1051 1273 extra
1068 1208 1197 1273 Vrbem
1222 1206 1436 1286 educuntur,

205 1328 244 1388 v‘t
261 1332 339 1409 post
350 1321 552 1391 exercitium
569 1334 604 1388 et
621 1325 801 1389 honestam
817 1322 1010 1390 animorum
1028 1322 1275 1405 remissionem,
1294 1321 1439 1388 alacrio-

203 1460 262 1506 res
285 1439 328 1504 ad
350 1438 465 1504 studia
489 1438 643 1507 redeant.
669 1437 792 1505 Victus
807 1459 927 1506 eorum
947 1450 983 1505 et
1003 1438 1150 1506 vestitus
1172 1438 1335 1525 ingenuis
1356 1460 1440 1505 sane

202 1554 334 1642 dignus
349 1564 414 1621 est.
440 1557 588 1622 Demum
605 1555 797 1622 communis
821 1554 1041 1641 prudentium
1067 1553 1238 1622 sententia
1258 1564 1324 1633 est,
1343 1556 1439 1640 quod

202 1668 359 1737 conditio
380 1668 483 1751 vitae,
507 1668 688 1756 optabilior
710 1670 821 1739 bonae
841 1669 966 1738 indolis
987 1668 1173 1751 iuuentuti,
1199 1670 1355 1756 proponi,
1381 1681 1440 1736 aut

201 1784 412 1853 Germaniae
429 1807 469 1852 ac
484 1784 811 1873 septentrionalibus
824 1785 1025 1874 regionibus
1037 1786 1156 1853 utilius
1171 1765 1441 1853 institutum-ex·

204 1900 353 1987 cogitari
376 1922 444 1967 non
465 1912 612 1988 poterat.
637 1902 746 1970 Curet
766 1923 851 1988 ergo
866 1903 912 1969 V.
932 1904 973 1969 R.
993 1900 1126 1987 aliquos
1145 1902 1189 1967 ad
1204 1922 1270 1969 nos
1285 1901 1437 1983 mittere;

204 2028 242 2086 et
258 2016 289 2083 si
304 2016 378 2084 lieri
395 2040 464 2085 non
480 2028 596 2104 potest
611 2028 649 2083 vt
664 2038 708 2085 ex
723 2018 891 2105 superiori
907 2018 1094 2087 Germania
1111 2040 1230 2089 omnes
1246 2019 1438 2099 mittantur,

204 2155 250 2201 ex
267 2132 409 2202 Geldria
426 2144 461 2202 et
476 2114 599 2202 Cleuia
612 2147 648 2200 et
668 2133 804 2201 Phrisia
826 2145 967 2221 possent
989 2133 1078 2200 mitti
1099 2134 1216 2219 aliqui,
1235 2137 1297 2203 sed
1317 2132 1355 2200 hi
1370 2156 1439 2201 non
1529 2189 1531 2194 .

204 2250 273 2316 nisi
289 2248 429 2317 dotibus
445 2248 692 2337 insignioribus
709 2250 864 2336 praediti3
883 2260 922 2317 vt
937 2249 966 2317 si
983 2249 1104 2316 nonin
1122 2250 1344 2337 theologicis,
1371 2242 1440 2317 sal·

206 2376 277 2435 tem
301 2366 337 2431 in
358 2366 481 2453 logicis
500 2379 535 2433 et
556 2365 802 2453 philosophicis
818 2366 886 2433 sint
902 2366 1041 2433 versati:
1060 2365 1239 2433 minimum
1260 2366 1295 2432 in
1316 2367 1441 2433 huma·

204 2480 363 2548 nioribus
378 2481 516 2564 eruditi,
535 2491 572 2546 vt
587 2484 630 2548 ad
645 2481 776 2568 logices
792 2481 944 2548 studium
962 2482 1075 2549 statim
1094 2481 1227 2549 admitti
1243 2480 1391 2567 possint.

276 2598 327 2664 Ex
350 2596 519 2684 superiori
542 2597 729 2664 Germania
753 2598 866 2664 minus
889 2596 1066 2684 aliquanto
1090 2597 1245 2683 prouecti
1266 2597 1299 2664 in
1318 2596 1442 2667 litteris

205 2712 297 2780 mitti
315 2724 488 2799 poterunt.
508 2714 558 2779 Ex
576 2712 703 2799 Anglia
718 2712 832 2793 etiam,
852 2713 879 2779 si
897 2712 955 2798 qui
971 2712 1085 2782 idonei
1103 2713 1244 2795 fuerint,
1261 2725 1296 2782 et
1312 2732 1356 2779 ex
1369 2714 1441 2781 Da-

206 2830 278 2910 nia,
293 2842 327 2898 et
339 2828 457 2909 Gotia,
476 2840 511 2897 et
527 2828 602 2895 aliis
614 2828 939 2915 septentrionalibus
955 2828 1155 2915 regionibus
1171 2829 1366 2912 mittantur;
1381 2830 1442 2897 sed

206 2947 325 3013 nullus
337 2945 396 3032 qui
409 2946 503 3011 bono
516 2943 655 3033 ingenio
668 2954 703 3013 et
715 2944 829 3011 indole
841 2944 1017 3031 praeditus
1029 2966 1098 3011 non
1110 2945 1166 3011 sit:
1182 2946 1321 3030 quidam
1334 2944 1440 3025 enim,

207 3062 304 3147 quod
325 3062 381 3127 his
404 3070 571 3139 carerent,
590 3060 783 3128 remittendi
806 3061 957 3128 luerunt.
982 3062 1025 3126 Et
1042 3062 1212 3127 hactenus
1231 3062 1274 3126 de
1294 3060 1443 3146 collegio

209 3176 425 3265 germanico

280 3293 450 3361 Mittimus
465 3294 508 3359 ad
526 3294 569 3359 V.
590 3294 630 3359 R.
650 3293 780 3361 litteras
797 3291 929 3378 aliquas
944 3315 987 3361 ex
1005 3294 1111 3374 India,
1130 3293 1188 3359 vbi
1205 3314 1307 3378 quam
1330 3295 1445 3380 ampla

208 3408 397 3495 euangelio
415 3420 512 3494 porta
529 3408 713 3495 aperiatur,
736 3408 793 3474 vix
810 3409 903 3476 credi
921 3409 1039 3495 possit.

271 3526 314 3591 ln
332 3524 552 3610 Aethiopiam
571 3524 756 3591 mittendos
772 3524 967 3604 duodecim,
986 3538 1020 3591 et
1037 3524 1126 3590 inter
1139 3547 1198 3591 eos
1214 3525 1443 3609 patriarcham

208 3662 397 3728 regnorum
414 3640 651 3728 PresteJaniS,
666 3638 792 3709 obnixe
804 3638 839 3705 id
852 3640 1084 3707 contendente
1096 3662 1181 3727 rege
1198 3641 1443 3728 Portugalliae,

210 3760 315 3823 Pater
330 3764 449 3822 noster
463 3754 672 3841 designauit.
692 3753 864 3841 Dignetur
876 3755 1046 3821 Dominus
1066 3756 1176 3822 adsui
1193 3778 1308 3823 veram
1326 3756 1446 3843 cogni-

209 3872 340 3940 tionem
366 3884 401 3939 et
424 3873 553 3937 cultum
571 3885 604 3937 et
629 3870 820 3938 catholicae
844 3871 1010 3938 ecclesiae
1039 3870 1201 3937 vnionem
1218 3870 1446 3957 amplissimas

207 3988 286 4054 illas
309 3986 470 4073 regiones
493 3987 676 4066 adducere,
711 3985 806 4051 vtio
835 3986 997 4052 omnibus
1025 4007 1151 4053 nomen
1179 3988 1307 4055 domini
1338 3987 1445 4054 nostri

204 4109 292 4194 Jesu
309 4102 436 4171 Christi
458 4104 645 4170 honoretur
666 4114 701 4169 et
722 4102 945 4189 glorificetur.
973 4105 1099 4172 Amen.
1123 4105 1209 4172 Vale
1233 4104 1268 4170 in
1289 4104 1444 4185 Christo,

209 4218 413 4287 charissime
430 4222 545 4299 Pater,
564 4240 607 4286 ac
620 4217 655 4283 in
672 4218 884 4285 orationibus
902 4240 941 4284 ac
959 4218 1138 4285 sacrificiis
1150 4218 1274 4285 vestris
1291 4242 1355 4286 nos
1373 4222 1449 4287 Deo

209 4336 463 4403 commendate.

281 4453 387 4519 Rome
405 4468 424 4517 2
441 4449 497 4516 die
515 4449 641 4516 mensis
658 4450 810 4537 Januarii
835 4466 920 4534 1554
936 4462 962 4519 ¹.

267 4752 280 4781 ¹
318 4738 407 4807 Quae
420 4740 588 4807 reputantur
601 4740 672 4791 sunt
682 4736 892 4807 autographa.
