3567 5409
527 478 641 561 Erum
660 518 770 571 44η.»-
782 515 816 571 27
836 502 965 558 Avarus
986 514 1055 573 1554
1321 498 1396 577 ⁶³9.

179 655 252 741 glio
267 652 451 722 aflaticursi
465 674 564 723 corne
580 653 604 720 il
620 654 788 725 desiderio
808 656 852 724 de
867 656 890 723 l'
911 678 978 724 una
998 666 1033 724 et
1054 656 1133 723 dell'
1151 656 1237 723 altra
1253 670 1350 742 parte
1365 655 1409 721 ri-

179 771 312 839 chiede.
1298 776 1302 791 ”

246 890 261 954 Ι
281 907 343 955 100
363 902 394 958 v
405 885 440 953 ,⁶³
454 908 523 953 non
539 887 567 954 si
583 908 670 953 sono
686 887 787 974 presi,
806 889 850 955 nb
866 888 896 955 si
913 888 1124 975 prenderano
1141 888 1250 975 prima
1273 888 1307 955 di
1331 891 1411 973 quel

179 1014 306 1089 tempo,
324 1003 436 1071 chesi
453 1004 629 1071 hauerano
644 1001 679 1070 di
696 1004 870 1071 mandare.

245 1119 289 1185 Ci
303 1118 412 1185 siamo
427 1119 599 1206 rallegrati
617 1119 673 1185 nel
689 1119 837 1206 Signore
852 1131 971 1187 nostro
985 1120 1042 1189 del
1057 1123 1175 1189 buono
1192 1120 1344 1205 recapito
1365 1123 1409 1187 ha

178 1236 309 1301 hauuto
331 1232 356 1301 il
375 1235 511 1303 fratello
530 1236 634 1301 Mtro.
653 1236 838 1320 Tarquinio
859 1238 872 1269 ⁴
890 1258 951 1322 per
966 1234 990 1301 il
1005 1257 1069 1302 suo
1087 1222 1243 1323 uiaggio‘.
1267 1235 1362 1303 [ddio
1381 1234 1412 1303 si

161 1350 285 1436 ‚degni
300 1350 459 1435 guidarlo
473 1350 510 1416 in
527 1350 621 1417 buon
638 1352 863 1419 saluamento.

246 1466 284 1535 Si
307 1467 431 1534 manda
452 1488 518 1535 con
542 1477 662 1550 questa
688 1487 757 1533 una
780 1468 868 1534 della
891 1467 1032 1554 signora
1055 1469 1170 1535 donna
1197 1468 1341 1537 isabella
1369 1468 1413 1535 de

180 1583 294 1669 Vega,
312 1583 419 1670 hoggi
437 1580 592 1649 riceuuta
608 1583 652 1649 de
668 1584 837 1651 Palerm0.

246 1700 289 1765 Et
305 1720 364 1784 per
380 1711 501 1783 questa
518 1710 587 1765 non
603 1700 701 1778 altro,
719 1721 758 1768 se
775 1720 843 1767 non
856 1702 923 1769 che
936 1700 1041 1767 molto
1054 1699 1100 1766 mi
1111 1700 1339 1769 raccomando
1351 1698 1409 1767 all?

185 1815 332 1881 orationi
346 1815 382 1881 di
398 1816 442 1881 V.
461 1817 503 1882 R.
522 1814 582 1884 Sia
598 1835 664 1883 con
682 1815 763 1881 tutti
774 1818 859 1905 Jesir
875 1815 940 1884 X.⁰

251 1929 296 1997 Di
314 1933 423 1997 Roma
438 1932 483 1997 26
497 1930 532 1996 di
549 1928 668 2017 Aprile
688 1947 785 2015 1554.

247 2048 445 2133 Inscriptio.
472 2049 519 2113 Al
535 2049 576 2117 Ρ.
594 2050 699 2116 MtrO.
717 2048 867 2133 Luynez.

279 2341 420 2409 PATRI
444 2340 731 2409 HIERONYMO
742 2218 1050 2434 &ggENECCO
1076 2342 1137 2407 EX
1160 2341 1312 2448 COMM.

588 2468 676 2509 uon
695 2468 729 2524 27
749 2468 871 2511 nurus
892 2467 961 2525 1554
980 2458 1001 2510 ¹.

179 2584 226 2637 De
242 2582 428 2637 monasterio
447 2582 733 2636 AscensionisoeDe
749 2582 884 2655 otikcobo
901 2580 1152 2651 casalensi-De
1169 2581 1291 2636 abbatia
1311 2578 1415 2635 Novae

231 2672 410 2745 luois:Vega
423 2670 584 2728 laudatur.
590 2672 669 2725 -De
684 2672 817 2741 cogitato
834 2655 963 2743 colibgio
980 2672 1064 2742 apud
1081 2670 1417 2727 catanenses.-P1ures

232 2764 349 2817 Romae
358 2760 434 2816 socii
442 2764 660 2832 aegrotarunt:
673 2760 821 2830 [gnatius
829 2760 1208 2831 convaluit-Cottegium
1215 2776 1366 2833 genuense
1375 2760 1418 2814 ad

237 2852 440 2923 Septembrem
454 2847 618 2920 differtur.

253 3000 326 3063 Pax
342 2994 399 3063 X)

252 3090 319 3179 Per
333 3111 446 3195 quelle
461 3112 504 3175 de
525 3129 564 3177 10
580 3120 615 3176 et
636 3127 674 3191 17
690 3110 803 3177 scriue
819 3110 851 3176 la
868 3112 908 3177 R.
931 3113 974 3177 V.
990 3110 1285 3179 raecomandando
1296 3112 1328 3176 la
1342 3113 1419 3178 bre·

182 3250 227 3295 ue
241 3207 454 3313 uspeditione
470 3225 504 3292 di
520 3227 633 3310 quella
649 3225 787 3292 licentia
803 3248 862 3311 per
879 3229 1072 3312 prophanat
1088 3226 1111 3293 il
1129 3227 1193 3313 giu
1209 3226 1418 3293 monasterio

182 3343 259 3411 dell'
277 3341 502 3409 Ascensione.
523 3344 564 3408 Et
580 3364 680 3427 sopra
697 3342 751 3409 cib
768 3341 883 3408 nonsi
901 3344 1058 3410 mancarb
1075 3343 1120 3411 de
1136 3364 1216 3409 usar
1232 3340 1314 3428 ogni
1339 3341 1417 3408 dili-

183 3480 295 3546 genza
315 3457 555 3525 conueniente.
580 3459 720 3525 Benchb
741 3456 941 3524 haueriamo
962 3460 1093 3525 hauuto
1114 3479 1194 3524 caro
1215 3460 1279 3523 che
1296 3458 1340 3523 V.·
1361 3460 1418 3545 R„

185 3575 433 3663 risguardando
448 3575 480 3641 le
501 3574 624 3641 lettere·
641 3572 761 3659 prime,
785 3574 874 3639 doue
896 3572 925 3639 si
946 3572 1070 3641 scrisse
1091 3572 1113 3638 il
1136 3595 1234 3659 parer
1254 3574 1298 3640 de
1320 3593 1419 3639 mon-

184 3691 303 3777 signor
323 3690 346 3756 il
366 3690 493 3756 vicario
512 3690 538 3768 ¹,
560 3710 602 3756 ce
622 3688 760 3755 hauessi
777 3688 911 3756 auisato
929 3688 965 3754 in
983 3688 1181 3773 particulare
1198 3688 1257 3785 dal'
1272 3689 1367 3756 ualor
1385 3689 1420 3754 di

184 3808 281 3875 detto
296 3807 372 3872 loeo
386 3804 495 3872 che'si
512 3807 556 3870 ha
571 3803 639 3894 [dal
656 3806 885 3890 prophanare,'
899 3803 995 3871 aceib
1012 3803 1040 3870 si
1057 3802 1192 3873 uedessi
1214 3788 1292 3883 ebe,
1317 3826 1420 3872 senza

186 3922 318 4009 parlare
341 3919 524 3987 altrimenti
544 3921 576 3985 al
597 3919 770 3986 cardinale
787 3921 813 3998 ‘,
832 3918 940 4006 potria
957 3918 1130 4005 espedirse
1147 3930 1268 4007 questa
1285 3918 1421 4011 licentia

186 4037 440 4105 comettendola
466 4036 499 4102 al
522 4035 651 4102 vicario
672 4036 685 4067 ⁴
706 4035 772 4122 (del
793 4035 895 4120 quale
917 4038 961 4106 ha
980 4034 1100 4105 scritto
1124 4036 1164 4103 V.
1192 4038 1245 4103 R..
1261 4014 1326 4106 che
1351 4057 1422 4103 ser-

186 4152 261 4219 uirb
281 4154 380 4232 bene,
397 4151 557 4219 massime
572 4151 733 4218 hauendo
746 4152 843 4219 detto
859 4150 882 4216 il
899 4150 1050 4218 cardinal
1066 4150 1095 4217 si
1112 4161 1274 4219 contenta
1291 4153 1356 4217 che
1373 4148 1423 4217 lui

188 4284 381 4296 ..μ

240 4343 252 4375 ⁴
289 4339 468 4413 Tarquinius
481 4338 519 4393 de
532 4338 698 4398 Rainutdis.

243 4474 251 4506 ¹
290 4475 333 4528 Ex
346 4472 449 4529 codice
462 4474 582 4547 Regert.
596 4474 639 4540 ΙΙ,
652 4472 702 4527 iol.
717 4486 767 4543 95.

241 4565 253 4598 ¹
290 4562 441 4636 Philippus
455 4563 628 4622 Archintus.
642 4562 719 4618 Vide
732 4562 888 4633 epistolam
903 4560 984 4631 4373.

243 4654 255 4685 ⁵
292 4654 422 4723 joannes
436 4651 570 4708 Andreas
582 4651 621 4707 de
636 4651 792 4723 Mercurio,
804 4650 962 4706 cardinalis
976 4650 1180 4707 mamertinus.

245 4745 255 4775 ⁴
292 4742 398 4797 Petrus
411 4740 449 4795 de
464 4740 625 4800 Anurone.
