3567 5409
379 459 414 515 28
756 460 962 517 Mononsn'rn
991 460 1170 519 tenemus

343 613 455 679 Padre
470 614 537 679 don
550 615 763 680 Francesco'
781 626 816 681 et
831 615 863 681 al
881 614 919 680 Ρ.
936 612 1116 681 Pelletario
1129 614 1154 695 ⁸,
1172 628 1208 683 et
1220 614 1419 682 finalmente
1431 614 1486 681 alli
1501 624 1574 683 ret·

344 728 409 794 tori
425 728 453 793 si
469 728 620 796 scriuerai
636 731 700 797 che
717 729 870 796 facciano
885 751 989 796 sanza
1006 730 1047 797 V.
1065 732 1121 808 R.,
1139 728 1324 796 scriu'endo
1340 751 1410 815 qua
1426 752 1447 797 a
1464 731 1574 797 Rorna

343 843 432 909 insin
449 845 481 910 ai
493 844 640 912 termino
650 846 708 910 oh'
723 844 770 931 ho
786 846 893 913 detto.
911 847 981 911 Pur
993 852 1115 929 questo
1130 867 1200 912 non
1212 846 1291 913 leue
1306 847 1371 913 che
1384 845 1427 913 V.
1443 846 1484 912 R.
1500 845 1576 911 fae·

342 958 396 1024 cia
412 960 524 1043 quello
540 962 605 1025 che
621 960 643 1025 li
660 960 777 1027 uenesi
796 960 830 1027 in
846 959 982 1046 piaeere
996 972 1033 1028 et
1044 961 1294 1043 consolatione,
1308 983 1346 1028 se
1357 982 1428 1027 non
1441 960 1578 1028 faeces-

343 1074 419 1142 sino
434 1088 641 1142 nooumento
658 1078 722 1143 alla
737 1098 801 1144 sua
816 1076 939 1157 saniti,
957 1077 981 1142 ii
996 1079 1098 1164 quale
1113 1077 1141 1145 si
1159 1090 1261 1159 teme,
1280 1088 1315 1145 et
1327 1100 1387 1164 per
1402 1076 1456 1145 cio
1468 1077 1497 1143 si
1507 1099 1576 1143 su-

343 1194 484 1277 spende,
503 1209 602 1259 come
618 1195 663 1258 ho
679 1192 809 1274 scritto,
835 1195 856 1259 l'
875 1194 1092 1261 assecutione
1106 1194 1184 1262 dell’
1201 1194 1320 1284 offitio.
1343 1193 1388 1258 Et
1403 1194 1448 1262 de
1462 1194 1576 1278 gratia

231 1310 235 1325 '
344 1308 377 1373 la
399 1309 440 1389 R.
467 1309 511 1375 V.
537 1308 569 1374 ei
594 1309 697 1377 sforsi
722 1310 765 1379 de
794 1310 970 1397 altegrarsi
993 1322 1019 1389 ⁸,
1051 1321 1086 1377 et
1115 1310 1257 1378 attende
1280 1333 1301 1376 a
1324 1320 1395 1377 star
1418 1331 1516 1388 sano,
1540 1319 1577 1375 et

346 1422 469 1509 pigliar
489 1424 521 1491 le
540 1446 603 1491 sue
623 1426 841 1509 commoditn,
860 1430 925 1494 che
945 1427 1011 1495 Dio
1032 1428 1077 1495 N.
1100 1428 1137 1495 S.
1159 1426 1364 1513 prouederei,
1388 1446 1486 1493 como
1505 1426 1525 1491 ὁ
1550 1423 1576 1489 il

345 1538 445 1605 solito
460 1539 503 1605 de
520 1541 551 1607 la
568 1562 631 1608 sua
646 1541 763 1607 diuina
780 1542 975 1611 clementia.

412 1657 539 1723 Nostro
563 1658 672 1725 Padre
693 1670 728 1725 et
744 1656 826 1723 tutti
840 1657 877 1723 ei
899 1657 1193 1725 raccomandiamo
1213 1658 1279 1724 alla
1301 1658 1426 1740 R.‘V.,
1445 1669 1480 1725 et
1498 1677 1576 1743 pre-

344 1791 447 1857 gamo
463 1774 578 1860 aJesit
595 1772 734 1840 Christo
749 1773 869 1859 signor
885 1785 1002 1839 nostro
1023 1796 1043 1839 a
1061 1773 1140 1839 tutti
1156 1772 1188 1839 ci
1209 1771 1260 1840 sia
1276 1794 1359 1841 uera
1374 1784 1409 1841 et
1426 1773 1575 1858 perfetta

344 1886 466 1953 senitti.
486 1888 610 1955 Amen.

412 2004 464 2070 De
483 2006 589 2070 Roma
605 2026 626 2093 9
643 2004 686 2073 de
703 2006 895 2075 Decembre
917 2021 1011 2089 1553.

412 2118 607 2204 Inscriptio.
628 2114 660 2188 Α
679 2123 847 2207 Bologna,
865 2122 898 2188 al
914 2120 1106 2189 comiserio.

639 2427 779 2493 PATRI
804 2304 1070 2495 ΡΚΑῘΞὲΙΒΒῚΟΟ
1097 2428 1277 2494 PALMIO

736 2552 824 2596 noun
842 2556 860 2611 9
879 2554 1059 2597 oeceusms
1080 2540 1184 2611 15531.

343 2674 388 2729 De
398 2672 452 2747 pio
467 2674 609 2730 Caesaris
626 2674 777 2729 Aversam·
793 2676 1090 2731 obite-Laudatur
1102 2676 1229 2749 caritas,
1242 2693 1304 2747 qna
1316 2694 1392 2748 erga
1405 2676 1575 2731 commissa·

377 2764 461 2817 rium
475 2780 545 2817 inus
555 2767 596 2818 est
612 2763 762 2819 Pnlmins.
774 2764 861 2820 -Hic
870 2765 928 2820 sibi
936 2767 1093 2821 consulere
1099 2763 1458 2838 junctum-injungitur
1474 2764 1577 2820 Violne

258 2869 262 2879 ·
375 2858 411 2931 “i
421 2853 664 2924 exsequntionem
680 2855 732 2909 sni
748 2854 884 2911 muneris
902 2856 1391 2927 intermittat.-Disputationnm
1406 2855 1575 2927 exemplum

376 2942 608 3002 mititiam-De
620 2942 707 2998 rebus
725 2944 952 2999 bononiensibus
966 2944 1043 2999 bona
1055 2948 1131 3015 spes.

413 3080 486 3145 Pax
502 3077 642 3145 Christi.

412 3196 479 3262 Per
494 3196 607 3279 quelle
623 3194 667 3264 de
683 3195 726 3263 V.
746 3198 787 3262 R.
806 3196 849 3262 de
865 3196 934 3261 due
945 3195 1001 3263 del
1013 3206 1175 3281 presente
1187 3194 1416 3263 intendesimo
1427 3194 1451 3259 il
1466 3211 1576 3261 trans-

343 3310 392 3377 ito
412 3310 467 3377 dei
492 3312 531 3376 P.
555 3312 655 3378 Mtro.
672 3312 830 3393 Cessare,
848 3307 948 3378 cuius
964 3310 1076 3379 anima
1097 3311 1291 3396 requiescat
1310 3309 1346 3377 in
1367 3330 1464 3396 pace.
1483 3311 1573 3396 Spe·

343 3424 449 3493 rianio
465 3428 553 3495 nella
577 3448 710 3493 summa
726 3426 830 3495 bonti
847 3426 882 3494 di
899 3426 964 3495 Dio
980 3430 1037 3493 ch'
1056 3427 1077 3493 it
1095 3428 1164 3495 fine
1179 3428 1267 3496 della
1286 3438 1444 3513 presente
1461 3425 1533 3492 uita
1553 3426 1577 3490 li

342 3542 418 3611 sere
433 3552 538 3611 statto
555 3542 720 3631 principio
736 3544 824 3613 della
840 3554 971 3613 eterna.
990 3544 1034 3609 Di
1050 3565 1118 3629 qua
1133 3545 1155 3608 l'
1172 3542 1354 3611 habbiamo
1370 3562 1575 3609 raccoman-

343 3660 423 3727 dato
439 3680 459 3726 a
475 3658 584 3739 iddio,
608 3670 642 3729 et
665 3659 848 3727 scriuiamo
871 3660 926 3725 ell'
943 3658 1021 3726 altri
1041 3658 1138 3745 luogi
1160 3657 1315 3725 {acciano
1331 3657 1355 3725 ii
1370 3656 1575 3727 medesimo.

408 3776 473 3843 Del
492 3775 602 3845 Padre
617 3774 799 3843 comiserio
817 3798 886 3843 non
904 3796 1010 3861 penso
1025 3774 1191 3845 accedere
1208 3774 1489 3842 raccomandarlo
1508 3775 1577 3841 alia

343 3892 448 3959 molta
463 3892 595 3959 charite
617 3892 660 3961 de
677 3893 720 3960 V.
746 3894 798 3973 R„
822 3914 923 3959 como
945 3895 978 3958 n'
995 3894 1105 3960 anche
1125 3891 1343 3979 ringratiarla
1364 3890 1399 3957 di
1422 3891 1535 3976 quella
1552 3868 1577 3957 li

344 4012 407 4075 uso
423 4008 458 4075 in
474 4010 616 4075 mandat
633 4008 663 4075 ia
684 4007 784 4077 letica
803 4008 901 4077 accio
917 4008 1034 4077 uenesi
1055 4029 1119 4074 con
1142 4006 1202 4095 pit
1222 4007 1441 4076 commodite.
1464 4007 1569 4075 Chri·

343 4136 409 4207 sto,
429 4125 557 4211 pereni
574 4146 689 4193 amore
705 4125 727 4190 il
745 4134 836 4191 tutto
852 4124 881 4191 si
899 4126 944 4203 sa,
963 4124 1175 4193 rimunererti
1191 4124 1516 4191 abondantemente.

344 4250 555 4260 m—--

397 4322 411 4349 ι
447 4306 583 4373 allegersi
598 4322 663 4370 ms„
679 4322 747 4359 cnm
762 4306 850 4377 signo
862 4305 993 4375 quodam
1006 4307 1097 4374 snper
1110 4302 1232 4358 litteras
1243 4319 1263 4373 g
1276 4307 1306 4357 et
1318 4319 1347 4359 n.

346 4414 560 4425 0—————----

399 4467 410 4499 *
448 4468 620 4523 Franciscus
639 4468 779 4523 Palmius.

398 4559 409 4590 ³
447 4560 576 4629 Joannes
590 4556 776 4613 Pelletarius.
881 4564 884 4571 '

402 4700 408 4729 ¹
447 4696 491 4750 Ex
503 4693 605 4749 codice
619 4694 736 4767 Regest.
752 4692 859 4763 [1,101.
877 4706 941 4749 lov.
