3567 5409
423 468 487 524 ‘59²
806 456 1014 511 Monnurnrn
1033 455 1210 512 Ionnrrnun
1263 460 1265 464 ’

395 618 563 694 pagatore
583 619 705 695 questo
724 610 917 689 hortolano,
941 608 1064 696 perch&
1085 608 1120 675 in
1140 610 1187 676 tal
1207 617 1287 676 c'as'o
1308 630 1345 676 se
1364 609 1388 675 li
1414 610 1554 678 darebbe
1574 609 1605 674 in

396 735 489 790 terza
507 724 743 810 generatione3
769 746 834 811 pur
853 746 951 792 come
971 726 999 791 si
1023 724 1137 811 uoglia
1156 726 1186 792 si
1207 725 1336 795 riserua
1354 726 1382 791 il
1402 726 1506 811 spatio
1523 726 1608 794 della

394 839 486 905 scala
502 852 538 909 et
553 838 653 920 viole,
669 851 704 907 et
719 837 742 905 l'
759 839 885 908 intrare
901 839 981 909 nelli
998 840 1098 921 horti,
1116 853 1150 907 et
1167 842 1292 927 doppoi
1304 841 1333 909 si
1346 852 1529 909 metterano
1541 850 1609 907 tut·

397 965 431 1023 te
447 955 479 1023 le
494 956 646 1023 clausule
661 957 726 1021 che
741 977 907 1042 paterano
922 958 954 1022 al
968 957 1138 1043 proposito
1155 978 1213 1043 per
1225 976 1384 1024 asecurar
1396 955 1419 1021 il
1433 976 1607 1043 paganen-

395 1080 432 1136 to
446 1070 480 1136 di
493 1083 615 1156 questo
632 1073 761 1137 huomo
773 1072 818 1139 da
833 1073 934 1152 bene,
951 1072 975 1137 il
990 1074 1054 1139 che
1071 1074 1114 1139 V.
1134 1074 1174 1139 R.
1193 1073 1293 1158 saprd
1310 1074 1376 1139 ben
1394 1072 1475 1139 fare.

462 1184 501 1254 L'
513 1186 606 1273 oglio
621 1189 657 1253 fu
675 1188 820 1267 riceuto,
838 1199 872 1254 et
889 1186 912 1253 il
930 1188 1062 1254 fratello
1076 1189 1240 1268 Antonio,
1254 1210 1356 1255 senza
1372 1188 1396 1253 li
1414 1206 1433 1270 7
1447 1188 1551 1267 scudi‚
1569 1198 1609 1255 ne

395 1303 569 1388 reporterd
587 1304 733 1388 qualche
748 1324 830 1371 cosa
845 1326 866 1370 a
882 1304 1007 1370 Tiuoli.
1459 1316 1462 1323 '
1560 1386 1565 1393 ⁶

463 1418 524 1485 Sta
544 1420 612 1485 ben
631 1422 696 1487 che
716 1418 739 1485 il
762 1440 874 1505 panno
893 1420 945 1486 sia
970 1430 1160 1507 comprato:
1190 1434 1281 1487 resta
1308 1420 1342 1487 in
1370 1420 1557 1489 seruirsene
1578 1421 1609 1485 di

394 1534 527 1617 ,quello

465 1651 515 1719 Le
531 1650 602 1716 cosi
614 1650 647 1716 di
665 1672 733 1735 qua
749 1655 888 1719 narrerd
905 1652 928 1716 il
945 1662 1130 1737 portatore.

462 1766 509 1835 Se
524 1766 557 1831 le
573 1766 693 1834 lettere
710 1767 790 1832 dell'
808 1767 903 1833 India
919 1766 947 1833 si
964 1766 1219 1853 imprimerano,
1242 1768 1460 1837 manderemo
1475 1766 1610 1851 qualche

396 1881 508 1967 copia.
532 1881 569 1950 Si
591 1882 866 1949 manderebbeno
886 1882 988 1951 etiam
1013 1886 1056 1949 de
1076 1884 1163 1950 altre
1179 1884 1304 1965 bande,
1326 1906 1364 1951 se
1385 1885 1566 1952 hauoesero
1580 1883 1612 1948 di

396 1997 429 2062 ld
446 1998 561 2063 buona
576 2018 658 2063 cura
670 1998 714 2064 de
730 1998 937 2067 mandarcile
952 1999 1110 2068 indrieto.

463 2112 558 2178 Tutti
574 2112 607 2179 ci
624 2114 917 2181 radcomandiamo
934 2112 1012 2185 nell'
1029 2116 1172 2183 orationi
1186 2129 1221 2185 et
1237 2114 1389 2207 sacrifitii
1402 2117 1445 2183 de
1463 2116 1504 2181 V.
1520 2116 1559 2181 R.

463 2228 522 2296 Sia
533 2232 616 2317 Jesd
632 2230 699 2296 X.⁰
714 2217 779 2295 con
798 2230 877 2296 tutti
893 2232 963 2298 noi.

462 2346 516 2413 De
534 2347 640 2411 Roma
659 2346 745 2413 lodi
762 2345 860 2412 Abril
882 2362 978 2431 1554.

465 2462 663 2547 Inscriptio.
676 2463 709 2528 A
726 2461 851 2528 riuon.
870 2466 903 2530 A
921 2466 1022 2531 ntro.
1034 2438 1230 2531 ‘nes'ideln

956 2647 1062 2727 4356

546 2774 686 2843 PATRI
704 2776 878 2863 JOANNI
905 2779 1197 2847 PELLETAfflo
1227 2781 1288 2847 Ex
1317 2780 1469 2848 conrn.

814 2914 902 2956 noun
917 2914 946 2956 rr
963 2916 1085 2958 nrnrnrs
1102 2914 1170 2973 1554
1185 2905 1204 2961 ¹.

394 3026 556 3080 Adrianus
566 3024 724 3081 Candidus
734 3025 768 3081 in
779 3028 917 3097 patriam
929 3030 1273 3086 mulendorf-Domum
1283 3035 1416 3101 emplum
1425 3044 1486 3084 esre
1494 3029 1614 3101 gandels

448 3114 535 3169 -De
557 3115 713 3187 collegiolo
736 3118 962 3191 argentemi·
971 3120 1056 3191 Quid
1077 3121 1109 3174 in
1133 3120 1333 3175 admittendis
1358 3118 1495 3191 collegiis
1519 3116 1615 3173 sanxit

447 3204 636 3275 Ignalius.-
647 3204 689 3259 De
711 3208 936 3261 commutandis
957 3210 1055 3267 sociis.
1063 3210 1149 3264 —De
1171 3208 1332 3265 sodalitate
1355 3208 1412 3263 Sli.
1433 3208 1616 3281 Sepulcri.-

446 3292 535 3349 Nova
548 3292 677 3364 collegia
690 3291 877 3351 instituonda
891 3312 951 3352 esso
963 3316 1100 3353 summus
1111 3298 1249 3371 ponlisex
1259 3302 1358 3369 putat.
1553 3370 1556 3381 .

891 3440 984 3562 lhirs.
1009 3496 1127 3564 Maria.

463 3626 535 3692 Pax
553 3626 611 3693 X}

412 3832 416 3840 .
462 3744 500 3809 L’
518 3742 635 3810 ultime
650 3743 717 3809 che
733 3742 767 3807 di
784 3745 827 3809 V.
843 3744 884 3811 R.
905 3742 1087 3811 habbiamo
1102 3767 1212 3812 sonno
1227 3746 1283 3815 del
1300 3746 1420 3814 ultimo
1435 3746 1478 3815 de
1492 3734 1614 3826 Mario,

394 3858 459 3926 alle
475 3858 566 3948 qnali
582 3872 617 3926 er
632 3860 717 3926 altre
732 3861 776 3925 de
792 3878 835 3947 29
851 3860 907 3927 del
921 3862 1105 3930 medesimo
1122 3862 1150 3928 si
1167 3866 1264 3949 potr&
1280 3864 1486 3949 respondere
1498 3864 1616 3931 sabba-

396 3982 444 4054 to,
462 3972 490 4039 s'
507 3973 698 4041 accaderi.·
1059 3973 1064 3979 ’
1183 4054 1188 4068 ⁸
1487 3966 1490 3973 Δ
1535 3972 1551 4002 ³

462 4092 541 4156 Non
559 4090 591 4157 fa
603 4090 779 4158 mentione
795 4093 839 4158 V.
860 4093 899 4158 R.
915 4093 959 4159 de
971 4095 1078 4162 hauet
1091 4094 1245 4163 riceuuto
1256 4095 1378 4163 lettere
1390 4107 1517 4176 nostre,
1532 4096 1616 4167 douc

394 4205 424 4271 si
437 4205 596 4273 scriueua
612 4206 879 4274 resolutamente
896 4209 963 4277 che
978 4208 1002 4274 il
1021 4212 1060 4275 Ρ.
1080 4213 1182 4277 Mtr0.
1201 4210 1355 4299 Adriano
1371 4212 1433 4279 'se
1445 4216 1479 4277 n’
1497 4193 1616 4281 'andas-

394 4321 423 4388 si
441 4342 541 4389 uerso
557 4322 579 4388 il
597 4342 710 4407 paese,
729 4333 765 4390 et
780 4325 844 4390 che
860 4324 893 4389 la
911 4324 951 4391 R.
971 4325 1014 4392 V.
1034 4326 1067 4392 lo
1084 4328 1256 4395 mandassi
1277 4328 1313 4396 in
1334 4329 1456 4399 ordine
1475 4328 1585 4395 insino
1600 4347 1617 4391 a

321 4462 341 4488 -’
395 4438 555 4517 Venetia,
572 4438 663 4505 doue
676 4439 881 4506 tronarebbe
897 4439 955 4505 doi
971 4441 1072 4507 Padri
1086 4442 1175 4511 della
1187 4445 1414 4533 Compagnia,
1427 4458 1462 4514 et
1478 4467 1525 4521 un
1538 4445 1616 4512 altro

396 4592 592 4603 -—.-.--—-.

450 4673 458 4702 ¹
497 4672 542 4725 Ex
555 4671 657 4727 codiee
672 4630 791 4745 Rogant.
807 4672 849 4736 11,
863 4670 992 4741 iol.87v.
1166 4678 1177 4710 ¹
1214 4677 1361 4734 Adrianus
1374 4678 1534 4735 Candidus.
1568 4692 1589 4712 ·'
