<?xml version="1.0" encoding="UTF-8"?>
<!DOCTYPE html PUBLIC "-//W3C//DTD XHTML 1.0 Transitional//EN"
    "http://www.w3.org/TR/xhtml1/DTD/xhtml1-transitional.dtd">
<html xmlns="http://www.w3.org/1999/xhtml" xml:lang="en" lang="en">
 <head>
  <title>
</title>
<meta http-equiv="Content-Type" content="text/html;charset=utf-8" />
  <meta name='ocr-system' content='tesseract 3.04.00' />
  <meta name='ocr-capabilities' content='ocr_page ocr_carea ocr_par ocr_line ocrx_word'/>
</head>
<body>
  <div class='ocr_page' id='page_1' title='image "./monumentaignati01ignagoog_0685.png"; bbox 0 0 3567 5409; ppageno 0'>
   <div class='ocr_carea' id='block_1_1' title="bbox 601 485 1409 557">
    <p class='ocr_par' dir='ltr' id='par_1_1' title="bbox 601 485 1409 557">
     <span class='ocr_line' id='line_1_1' title="bbox 601 485 1409 557; baseline 0.001 -18"><span class='ocrx_word' id='word_1_1' title='bbox 601 486 708 544; x_wconf 71' lang='lat' dir='ltr'>Ernst.</span> <span class='ocrx_word' id='word_1_2' title='bbox 727 499 864 557; x_wconf 60' lang='grc' dir='ltr'>μιᾳ-5</span> <span class='ocrx_word' id='word_1_3' title='bbox 884 486 964 551; x_wconf 69' lang='lat' dir='ltr'>Min</span> <span class='ocrx_word' id='word_1_4' title='bbox 985 498 1053 555; x_wconf 81' lang='lat'>1554</span> <span class='ocrx_word' id='word_1_5' title='bbox 1356 485 1409 556; x_wconf 86' lang='lat'>679</span> 
     </span>
    </p>
   </div>
   <div class='ocr_carea' id='block_1_2' title="bbox 194 638 1461 2697">
    <p class='ocr_par' dir='ltr' id='par_1_2' title="bbox 208 638 1443 954">
     <span class='ocr_line' id='line_1_2' title="bbox 209 638 1443 724; baseline 0.002 -22"><span class='ocrx_word' id='word_1_6' title='bbox 209 658 294 702; x_wconf 90' lang='lat' dir='ltr'>sano</span> <span class='ocrx_word' id='word_1_7' title='bbox 310 638 342 703; x_wconf 87' lang='lat' dir='ltr'>al</span> <span class='ocrx_word' id='word_1_8' title='bbox 359 640 401 706; x_wconf 91' lang='lat' dir='ltr'>P.</span> <span class='ocrx_word' id='word_1_9' title='bbox 427 640 527 705; x_wconf 85' lang='lat' dir='ltr'>Mtro.</span> <span class='ocrx_word' id='word_1_10' title='bbox 554 639 740 724; x_wconf 81' lang='lat' dir='ltr'>Gasparo¹</span> <span class='ocrx_word' id='word_1_11' title='bbox 765 639 923 723; x_wconf 87' lang='lat' dir='ltr'>(essendo</span> <span class='ocrx_word' id='word_1_12' title='bbox 946 638 1028 724; x_wconf 79' lang='lat' dir='ltr'>pero</span> <span class='ocrx_word' id='word_1_13' title='bbox 1051 639 1104 705; x_wconf 94' lang='lat' dir='ltr'>col</span> <span class='ocrx_word' id='word_1_14' title='bbox 1129 639 1264 724; x_wconf 86' lang='lat' dir='ltr'>piacere</span> <span class='ocrx_word' id='word_1_15' title='bbox 1288 638 1323 704; x_wconf 91' lang='lat' dir='ltr'>di</span> <span class='ocrx_word' id='word_1_16' title='bbox 1347 641 1443 706; x_wconf 81' lang='lat' dir='ltr'>detto</span> 
     </span>
     <span class='ocr_line' id='line_1_3' title="bbox 211 753 1442 840; baseline 0.002 -21"><span class='ocrx_word' id='word_1_17' title='bbox 211 755 312 819; x_wconf 85' lang='lat' dir='ltr'>Mtro.</span> <span class='ocrx_word' id='word_1_18' title='bbox 331 753 511 839; x_wconf 85' lang='lat' dir='ltr'>Gasparo).</span> <span class='ocrx_word' id='word_1_19' title='bbox 530 754 636 820; x_wconf 88' lang='lat' dir='ltr'>Forse</span> <span class='ocrx_word' id='word_1_20' title='bbox 652 756 716 820; x_wconf 89' lang='lat' dir='ltr'>che</span> <span class='ocrx_word' id='word_1_21' title='bbox 731 754 845 838; x_wconf 87' lang='lat' dir='ltr'><strong>quella</strong></span> <span class='ocrx_word' id='word_1_22' title='bbox 861 754 958 821; x_wconf 78' lang='lat' dir='ltr'>aria·</span> <span class='ocrx_word' id='word_1_23' title='bbox 975 754 1023 840; x_wconf 87' lang='lat' dir='ltr'>gli</span> <span class='ocrx_word' id='word_1_24' title='bbox 1040 754 1225 824; x_wconf 75' lang='lat' dir='ltr'>conferiri.</span> <span class='ocrx_word' id='word_1_25' title='bbox 1245 756 1288 821; x_wconf 87' lang='lat' dir='ltr'>Et</span> <span class='ocrx_word' id='word_1_26' title='bbox 1304 756 1442 839; x_wconf 88' lang='lat' dir='ltr'>quando</span> 
     </span>
     <span class='ocr_line' id='line_1_4' title="bbox 208 862 972 954; baseline 0.004 -22"><span class='ocrx_word' id='word_1_27' title='bbox 208 890 292 947; x_wconf 83' lang='lat' dir='ltr'>non,</span> <span class='ocrx_word' id='word_1_28' title='bbox 310 869 340 935; x_wconf 89' lang='lat' dir='ltr'>si</span> <span class='ocrx_word' id='word_1_29' title='bbox 356 862 664 954; x_wconf 64' lang='lat' dir='ltr'>potri&#39;rimandare</span> <span class='ocrx_word' id='word_1_30' title='bbox 680 868 736 935; x_wconf 84' lang='lat' dir='ltr'>all’</span> <span class='ocrx_word' id='word_1_31' title='bbox 752 869 825 936; x_wconf 87' lang='lat' dir='ltr'>aria</span> <span class='ocrx_word' id='word_1_32' title='bbox 840 868 972 937; x_wconf 71' lang='lat' dir='ltr'>natium</span> 
     </span>
    </p>

    <p class='ocr_par' dir='ltr' id='par_1_3' title="bbox 201 984 1461 1777">
     <span class='ocr_line' id='line_1_5' title="bbox 273 984 1439 1072; baseline 0.003 -22"><span class='ocrx_word' id='word_1_33' title='bbox 273 984 338 1051; x_wconf 85' lang='lat' dir='ltr'>Del</span> <span class='ocrx_word' id='word_1_34' title='bbox 355 986 517 1053; x_wconf 87' lang='lat' dir='ltr'>mandare</span> <span class='ocrx_word' id='word_1_35' title='bbox 532 1008 552 1052; x_wconf 86' lang='lat' dir='ltr'>a</span> <span class='ocrx_word' id='word_1_36' title='bbox 568 984 687 1052; x_wconf 88' lang='lat' dir='ltr'>Sicilia</span> <span class='ocrx_word' id='word_1_37' title='bbox 705 988 807 1053; x_wconf 89' lang='lat' dir='ltr'>Mtro.</span> <span class='ocrx_word' id='word_1_38' title='bbox 830 986 1008 1053; x_wconf 83' lang='lat' dir='ltr'>Bonifacio</span> <span class='ocrx_word' id='word_1_39' title='bbox 1025 990 1051 1069; x_wconf 73' lang='lat'>⁸,</span> <span class='ocrx_word' id='word_1_40' title='bbox 1070 988 1220 1054; x_wconf 89' lang='lat' dir='ltr'>secondo</span> <span class='ocrx_word' id='word_1_41' title='bbox 1242 1010 1323 1072; x_wconf 87' lang='lat' dir='ltr'>pare</span> <span class='ocrx_word' id='word_1_42' title='bbox 1340 988 1372 1053; x_wconf 88' lang='lat' dir='ltr'>al</span> <span class='ocrx_word' id='word_1_43' title='bbox 1393 988 1439 1055; x_wconf 86' lang='lat' dir='ltr'>si·</span> 
     </span>
     <span class='ocr_line' id='line_1_6' title="bbox 206 1100 1437 1211; baseline 0.004 -46"><span class='ocrx_word' id='word_1_44' title='bbox 206 1122 295 1185; x_wconf 83' lang='lat' dir='ltr'>gnor</span> <span class='ocrx_word' id='word_1_45' title='bbox 309 1100 433 1211; x_wconf 57' lang='lat' dir='ltr'>priore,</span> <span class='ocrx_word' id='word_1_46' title='bbox 451 1102 495 1170; x_wconf 89' lang='lat' dir='ltr'>V.</span> <span class='ocrx_word' id='word_1_47' title='bbox 515 1103 556 1169; x_wconf 89' lang='lat' dir='ltr'>R.</span> <span class='ocrx_word' id='word_1_48' title='bbox 576 1101 715 1189; x_wconf 75' lang='lat' dir='ltr'>seguini</span> <span class='ocrx_word' id='word_1_49' title='bbox 730 1101 785 1167; x_wconf 79' lang='lat' dir='ltr'>cio</span> <span class='ocrx_word' id='word_1_50' title='bbox 799 1102 940 1186; x_wconf 84' lang='lat' dir='ltr'>quando</span> <span class='ocrx_word' id='word_1_51' title='bbox 961 1102 984 1168; x_wconf 86' lang='lat' dir='ltr'>il</span> <span class='ocrx_word' id='word_1_52' title='bbox 1007 1101 1140 1171; x_wconf 84' lang='lat' dir='ltr'>medico</span> <span class='ocrx_word' id='word_1_53' title='bbox 1159 1102 1356 1189; x_wconf 85' lang='lat' dir='ltr'>giudicasse</span> <span class='ocrx_word' id='word_1_54' title='bbox 1377 1124 1437 1170; x_wconf 88' lang='lat' dir='ltr'>ne-</span> 
     </span>
     <span class='ocr_line' id='line_1_7' title="bbox 204 1217 1461 1305; baseline 0.005 -25"><span class='ocrx_word' id='word_1_55' title='bbox 204 1219 353 1284; x_wconf 86' lang='lat' dir='ltr'>cessario</span> <span class='ocrx_word' id='word_1_56' title='bbox 369 1218 415 1283; x_wconf 83' lang='lat' dir='ltr'>tal</span> <span class='ocrx_word' id='word_1_57' title='bbox 431 1218 570 1295; x_wconf 87' lang='lat' dir='ltr'>andare,</span> <span class='ocrx_word' id='word_1_58' title='bbox 589 1237 686 1283; x_wconf 87' lang='lat' dir='ltr'>come</span> <span class='ocrx_word' id='word_1_59' title='bbox 703 1241 763 1304; x_wconf 87' lang='lat' dir='ltr'>per</span> <span class='ocrx_word' id='word_1_60' title='bbox 779 1217 864 1285; x_wconf 87' lang='lat' dir='ltr'><strong>altre</strong></span> <span class='ocrx_word' id='word_1_61' title='bbox 880 1218 910 1284; x_wconf 88' lang='lat' dir='ltr'>si</span> <span class='ocrx_word' id='word_1_62' title='bbox 927 1220 945 1285; x_wconf 80' lang='grc' dir='ltr'><strong>ὲ</strong></span> <span class='ocrx_word' id='word_1_63' title='bbox 967 1218 1086 1285; x_wconf 81' lang='lat' dir='ltr'>scritto</span> <span class='ocrx_word' id='word_1_64' title='bbox 1110 1240 1131 1284; x_wconf 86' lang='lat' dir='ltr'><strong>a</strong></span> <span class='ocrx_word' id='word_1_65' title='bbox 1157 1221 1195 1285; x_wconf 87' lang='lat' dir='ltr'>V.</span> <span class='ocrx_word' id='word_1_66' title='bbox 1221 1220 1261 1285; x_wconf 91' lang='lat' dir='ltr'>R.</span> <span class='ocrx_word' id='word_1_67' title='bbox 1287 1219 1330 1285; x_wconf 85' lang='lat' dir='ltr'>Et</span> <span class='ocrx_word' id='word_1_68' title='bbox 1351 1242 1461 1305; x_wconf 89' lang='lat' dir='ltr'>pure·</span> 
     </span>
     <span class='ocr_line' id='line_1_8' title="bbox 204 1333 1435 1419; baseline 0.003 -22"><span class='ocrx_word' id='word_1_69' title='bbox 204 1333 342 1416; x_wconf 91' lang='lat' dir='ltr'>quando</span> <span class='ocrx_word' id='word_1_70' title='bbox 356 1333 453 1401; x_wconf 84' lang='lat' dir='ltr'>deno</span> <span class='ocrx_word' id='word_1_71' title='bbox 470 1334 670 1419; x_wconf 86' lang='lat' dir='ltr'>monsignor</span> <span class='ocrx_word' id='word_1_72' title='bbox 687 1336 821 1402; x_wconf 84' lang='lat' dir='ltr'><strong>uolesse</strong></span> <span class='ocrx_word' id='word_1_73' title='bbox 842 1338 906 1401; x_wconf 90' lang='lat' dir='ltr'>che</span> <span class='ocrx_word' id='word_1_74' title='bbox 927 1336 1022 1403; x_wconf 89' lang='lat' dir='ltr'>detto</span> <span class='ocrx_word' id='word_1_75' title='bbox 1042 1338 1145 1403; x_wconf 87' lang='lat' dir='ltr'>Mtro.</span> <span class='ocrx_word' id='word_1_76' title='bbox 1169 1334 1344 1402; x_wconf 88' lang='lat' dir='ltr'>Giouanni</span> <span class='ocrx_word' id='word_1_77' title='bbox 1367 1357 1435 1401; x_wconf 89' lang='lat' dir='ltr'>non</span> 
     </span>
     <span class='ocr_line' id='line_1_9' title="bbox 203 1448 1433 1537; baseline 0.003 -24"><span class='ocrx_word' id='word_1_78' title='bbox 203 1462 351 1515; x_wconf 66' lang='lat' dir='ltr'>tentasse</span> <span class='ocrx_word' id='word_1_79' title='bbox 366 1450 465 1529; x_wconf 83' lang='lat' dir='ltr'>costi,</span> <span class='ocrx_word' id='word_1_80' title='bbox 484 1448 539 1517; x_wconf 86' lang='lat' dir='ltr'>all&#39;</span> <span class='ocrx_word' id='word_1_81' title='bbox 555 1453 639 1517; x_wconf 90' lang='lat' dir='ltr'>hora</span> <span class='ocrx_word' id='word_1_82' title='bbox 651 1450 674 1515; x_wconf 89' lang='lat' dir='ltr'>ii</span> <span class='ocrx_word' id='word_1_83' title='bbox 689 1451 783 1536; x_wconf 73' lang='lat' dir='ltr'>porri</span> <span class='ocrx_word' id='word_1_84' title='bbox 797 1452 959 1518; x_wconf 83' lang='lat' dir='ltr'>mandare</span> <span class='ocrx_word' id='word_1_85' title='bbox 971 1451 1002 1517; x_wconf 89' lang='lat' dir='ltr'>al</span> <span class='ocrx_word' id='word_1_86' title='bbox 1015 1450 1163 1537; x_wconf 80' lang='lat' dir='ltr'>collegio</span> <span class='ocrx_word' id='word_1_87' title='bbox 1177 1464 1293 1517; x_wconf 80' lang='lat' dir='ltr'>nostro</span> <span class='ocrx_word' id='word_1_88' title='bbox 1305 1451 1340 1517; x_wconf 91' lang='lat' dir='ltr'>di</span> <span class='ocrx_word' id='word_1_89' title='bbox 1354 1453 1380 1519; x_wconf 89' lang='lat' dir='ltr'>F</span> <span class='ocrx_word' id='word_1_90' title='bbox 1382 1472 1433 1519; x_wconf 90' lang='lat' dir='ltr'>er·</span> 
     </span>
     <span class='ocr_line' id='line_1_10' title="bbox 203 1565 1432 1665; baseline 0.002 -36"><span class='ocrx_word' id='word_1_91' title='bbox 203 1586 293 1645; x_wconf 85' lang='lat' dir='ltr'>rara,</span> <span class='ocrx_word' id='word_1_92' title='bbox 312 1566 403 1634; x_wconf 90' lang='lat' dir='ltr'>doue</span> <span class='ocrx_word' id='word_1_93' title='bbox 419 1565 517 1652; x_wconf 69' lang='lat' dir='ltr'>porri</span> <span class='ocrx_word' id='word_1_94' title='bbox 534 1566 666 1634; x_wconf 84' lang='lat' dir='ltr'>aiutare</span> <span class='ocrx_word' id='word_1_95' title='bbox 682 1589 702 1633; x_wconf 85' lang='lat' dir='ltr'>a</span> <span class='ocrx_word' id='word_1_96' title='bbox 717 1569 863 1653; x_wconf 84' lang='lat' dir='ltr'><strong>qualche</strong></span> <span class='ocrx_word' id='word_1_97' title='bbox 878 1567 1000 1647; x_wconf 80' lang='lat' dir='ltr'>classe,</span> <span class='ocrx_word' id='word_1_98' title='bbox 1019 1579 1053 1633; x_wconf 90' lang='lat' dir='ltr'>et</span> <span class='ocrx_word' id='word_1_99' title='bbox 1070 1568 1220 1665; x_wconf 66' lang='lat' dir='ltr'>anchora</span> <span class='ocrx_word' id='word_1_100' title='bbox 1234 1570 1362 1635; x_wconf 70' lang='lat' dir='ltr'>hauerai</span> <span class='ocrx_word' id='word_1_101' title='bbox 1374 1567 1432 1652; x_wconf 71' lang='lat' dir='ltr'>piri</span> 
     </span>
     <span class='ocr_line' id='line_1_11' title="bbox 201 1678 685 1777; baseline 0.008 -30"><span class='ocrx_word' id='word_1_102' title='bbox 201 1678 461 1777; x_wconf 75' lang='lat' dir='ltr'>commoditi&#39;o&#39;</span> <span class='ocrx_word' id='word_1_103' title='bbox 476 1703 640 1768; x_wconf 86' lang='lat' dir='ltr'>apparare</span> <span class='ocrx_word' id='word_1_104' title='bbox 656 1680 685 1751; x_wconf 67' lang='lat' dir='ltr'>b.</span> 
     </span>
    </p>

    <p class='ocr_par' dir='ltr' id='par_1_4' title="bbox 194 1797 1461 2697">
     <span class='ocr_line' id='line_1_12' title="bbox 269 1797 1430 1883; baseline 0 -20"><span class='ocrx_word' id='word_1_105' title='bbox 269 1798 617 1883; x_wconf 83' lang='lat' dir='ltr'>Venetia.-Quanto</span> <span class='ocrx_word' id='word_1_106' title='bbox 632 1798 698 1864; x_wconf 86' lang='lat' dir='ltr'>aila</span> <span class='ocrx_word' id='word_1_107' title='bbox 713 1797 947 1867; x_wconf 86' lang='lat' dir='ltr'>inchinatione</span> <span class='ocrx_word' id='word_1_108' title='bbox 963 1802 1026 1865; x_wconf 91' lang='lat' dir='ltr'>che</span> <span class='ocrx_word' id='word_1_109' title='bbox 1045 1800 1132 1867; x_wconf 88' lang='lat' dir='ltr'><strong>uede</strong></span> <span class='ocrx_word' id='word_1_110' title='bbox 1153 1801 1196 1866; x_wconf 94' lang='lat' dir='ltr'>V.</span> <span class='ocrx_word' id='word_1_111' title='bbox 1218 1800 1258 1865; x_wconf 89' lang='lat' dir='ltr'>R.</span> <span class='ocrx_word' id='word_1_112' title='bbox 1279 1798 1311 1863; x_wconf 91' lang='lat' dir='ltr'>in</span> <span class='ocrx_word' id='word_1_113' title='bbox 1335 1820 1430 1865; x_wconf 91' lang='lat' dir='ltr'>mon·</span> 
     </span>
     <span class='ocr_line' id='line_1_13' title="bbox 199 1912 1428 2001; baseline 0.003 -24"><span class='ocrx_word' id='word_1_114' title='bbox 199 1912 319 1997; x_wconf 86' lang='lat' dir='ltr'>signor</span> <span class='ocrx_word' id='word_1_115' title='bbox 335 1914 378 1979; x_wconf 89' lang='lat' dir='ltr'>de</span> <span class='ocrx_word' id='word_1_116' title='bbox 395 1936 463 1979; x_wconf 85' lang='lat' dir='ltr'>non</span> <span class='ocrx_word' id='word_1_117' title='bbox 480 1913 655 2001; x_wconf 82' lang='lat' dir='ltr'><strong>seguitare</strong></span> <span class='ocrx_word' id='word_1_118' title='bbox 671 1915 703 1981; x_wconf 87' lang='lat' dir='ltr'>le</span> <span class='ocrx_word' id='word_1_119' title='bbox 718 1915 836 1981; x_wconf 86' lang='lat' dir='ltr'>scuoie</span> <span class='ocrx_word' id='word_1_120' title='bbox 851 1917 878 1994; x_wconf 81' lang='lat'>⁹,</span> <span class='ocrx_word' id='word_1_121' title='bbox 898 1916 941 1982; x_wconf 93' lang='lat' dir='ltr'>N.</span> <span class='ocrx_word' id='word_1_122' title='bbox 959 1917 999 1983; x_wconf 90' lang='lat' dir='ltr'>P.</span> <span class='ocrx_word' id='word_1_123' title='bbox 1014 1915 1090 1981; x_wconf 85' lang='lat' dir='ltr'>dice</span> <span class='ocrx_word' id='word_1_124' title='bbox 1102 1918 1167 1982; x_wconf 89' lang='lat' dir='ltr'>che</span> <span class='ocrx_word' id='word_1_125' title='bbox 1181 1916 1224 1981; x_wconf 88' lang='lat' dir='ltr'>V.</span> <span class='ocrx_word' id='word_1_126' title='bbox 1240 1917 1283 1983; x_wconf 94' lang='lat' dir='ltr'>R.</span> <span class='ocrx_word' id='word_1_127' title='bbox 1297 1914 1332 1980; x_wconf 92' lang='lat' dir='ltr'>in</span> <span class='ocrx_word' id='word_1_128' title='bbox 1345 1936 1428 1981; x_wconf 91' lang='lat' dir='ltr'>con-</span> 
     </span>
     <span class='ocr_line' id='line_1_14' title="bbox 198 2027 1426 2116; baseline 0.004 -23"><span class='ocrx_word' id='word_1_129' title='bbox 198 2039 234 2093; x_wconf 84' lang='lat' dir='ltr'>to</span> <span class='ocrx_word' id='word_1_130' title='bbox 250 2027 357 2095; x_wconf 91' lang='lat' dir='ltr'>niuno</span> <span class='ocrx_word' id='word_1_131' title='bbox 372 2028 526 2097; x_wconf 85' lang='lat' dir='ltr'>dimostri</span> <span class='ocrx_word' id='word_1_132' title='bbox 543 2051 563 2095; x_wconf 87' lang='lat' dir='ltr'>a</span> <span class='ocrx_word' id='word_1_133' title='bbox 578 2031 674 2097; x_wconf 89' lang='lat' dir='ltr'>detto</span> <span class='ocrx_word' id='word_1_134' title='bbox 690 2030 889 2116; x_wconf 78' lang='lat' dir='ltr'>monsignor</span> <span class='ocrx_word' id='word_1_135' title='bbox 905 2030 1090 2098; x_wconf 85' lang='lat' dir='ltr'>inchinarsi</span> <span class='ocrx_word' id='word_1_136' title='bbox 1103 2031 1135 2097; x_wconf 85' lang='lat' dir='ltr'>al</span> <span class='ocrx_word' id='word_1_137' title='bbox 1152 2030 1351 2113; x_wconf 85' lang='lat' dir='ltr'>medesimo,</span> <span class='ocrx_word' id='word_1_138' title='bbox 1370 2054 1426 2098; x_wconf 85' lang='lat' dir='ltr'>ma</span> 
     </span>
     <span class='ocr_line' id='line_1_15' title="bbox 195 2145 1461 2231; baseline 0.006 -21"><span class='ocrx_word' id='word_1_139' title='bbox 195 2145 356 2231; x_wconf 81' lang='lat' dir='ltr'>seguisca</span> <span class='ocrx_word' id='word_1_140' title='bbox 371 2166 469 2211; x_wconf 89' lang='lat' dir='ltr'>come</span> <span class='ocrx_word' id='word_1_141' title='bbox 485 2146 511 2211; x_wconf 68' lang='grc' dir='ltr'>ς’</span> <span class='ocrx_word' id='word_1_142' title='bbox 529 2148 573 2211; x_wconf 91' lang='lat' dir='ltr'>ha</span> <span class='ocrx_word' id='word_1_143' title='bbox 589 2155 796 2224; x_wconf 82' lang='lat' dir='ltr'>costumato,</span> <span class='ocrx_word' id='word_1_144' title='bbox 814 2146 843 2211; x_wconf 93' lang='lat' dir='ltr'>si</span> <span class='ocrx_word' id='word_1_145' title='bbox 859 2148 927 2212; x_wconf 85' lang='lat' dir='ltr'>ben</span> <span class='ocrx_word' id='word_1_146' title='bbox 946 2145 1121 2215; x_wconf 89' lang='lat' dir='ltr'>uenissero</span> <span class='ocrx_word' id='word_1_147' title='bbox 1137 2146 1201 2213; x_wconf 89' lang='lat' dir='ltr'>soli</span> <span class='ocrx_word' id='word_1_148' title='bbox 1216 2146 1307 2213; x_wconf 89' lang='lat' dir='ltr'>dieci</span> <span class='ocrx_word' id='word_1_149' title='bbox 1323 2150 1427 2214; x_wconf 89' lang='lat' dir='ltr'>scho·</span> <span class='ocrx_word' id='word_1_150' title='bbox 1457 2207 1461 2217; x_wconf 93' lang='lat'><strong>.</strong></span> 
     </span>
     <span class='ocr_line' id='line_1_16' title="bbox 195 2259 1427 2348; baseline 0.002 -24"><span class='ocrx_word' id='word_1_151' title='bbox 195 2259 269 2340; x_wconf 85' lang='lat' dir='ltr'>inri;</span> <span class='ocrx_word' id='word_1_152' title='bbox 288 2273 323 2326; x_wconf 89' lang='lat' dir='ltr'>et</span> <span class='ocrx_word' id='word_1_153' title='bbox 338 2282 403 2327; x_wconf 92' lang='lat' dir='ltr'>con</span> <span class='ocrx_word' id='word_1_154' title='bbox 420 2260 525 2345; x_wconf 86' lang='lat' dir='ltr'>quelli</span> <span class='ocrx_word' id='word_1_155' title='bbox 541 2260 641 2347; x_wconf 89' lang='lat' dir='ltr'>pochi</span> <span class='ocrx_word' id='word_1_156' title='bbox 658 2264 687 2327; x_wconf 87' lang='lat' dir='ltr'>s&#39;</span> <span class='ocrx_word' id='word_1_157' title='bbox 708 2262 759 2327; x_wconf 85' lang='lat' dir='ltr'>usi</span> <span class='ocrx_word' id='word_1_158' title='bbox 775 2261 858 2347; x_wconf 88' lang='lat' dir='ltr'>ogni</span> <span class='ocrx_word' id='word_1_159' title='bbox 875 2260 1050 2347; x_wconf 79' lang='lat' dir='ltr'>diligenza</span> <span class='ocrx_word' id='word_1_160' title='bbox 1064 2265 1128 2329; x_wconf 89' lang='lat' dir='ltr'>che</span> <span class='ocrx_word' id='word_1_161' title='bbox 1145 2260 1174 2329; x_wconf 90' lang='lat' dir='ltr'>si</span> <span class='ocrx_word' id='word_1_162' title='bbox 1191 2262 1288 2348; x_wconf 71' lang='lat' dir='ltr'>potrzi</span> <span class='ocrx_word' id='word_1_163' title='bbox 1301 2263 1336 2327; x_wconf 83' lang='lat' dir='ltr'>d&#39;</span> <span class='ocrx_word' id='word_1_164' title='bbox 1354 2261 1427 2327; x_wconf 86' lang='lat' dir='ltr'>aiu-</span> 
     </span>
     <span class='ocr_line' id='line_1_17' title="bbox 196 2375 1422 2465; baseline 0.005 -26"><span class='ocrx_word' id='word_1_165' title='bbox 196 2375 300 2462; x_wconf 81' lang='lat' dir='ltr'>rargli</span> <span class='ocrx_word' id='word_1_166' title='bbox 314 2378 403 2444; x_wconf 88' lang='lat' dir='ltr'><strong>nelle</strong></span> <span class='ocrx_word' id='word_1_167' title='bbox 419 2378 540 2445; x_wconf 84' lang='lat' dir='ltr'><strong>lettere</strong></span> <span class='ocrx_word' id='word_1_168' title='bbox 556 2389 590 2445; x_wconf 87' lang='lat' dir='ltr'>et</span> <span class='ocrx_word' id='word_1_169' title='bbox 606 2376 714 2444; x_wconf 89' lang='lat' dir='ltr'>buoni</span> <span class='ocrx_word' id='word_1_170' title='bbox 732 2376 892 2462; x_wconf 85' lang='lat' dir='ltr'>costumi,</span> <span class='ocrx_word' id='word_1_171' title='bbox 912 2377 1107 2465; x_wconf 84' lang='lat' dir='ltr'>sacendogli</span> <span class='ocrx_word' id='word_1_172' title='bbox 1128 2378 1338 2459; x_wconf 85' lang='lat' dir='ltr'>confessare,</span> <span class='ocrx_word' id='word_1_173' title='bbox 1356 2391 1422 2445; x_wconf 91' lang='lat' dir='ltr'>etc.</span> 
     </span>
     <span class='ocr_line' id='line_1_18' title="bbox 195 2492 1459 2581; baseline 0.009 -26"><span class='ocrx_word' id='word_1_174' title='bbox 195 2492 238 2556; x_wconf 87' lang='lat' dir='ltr'>Et</span> <span class='ocrx_word' id='word_1_175' title='bbox 254 2494 393 2578; x_wconf 86' lang='lat' dir='ltr'>quando</span> <span class='ocrx_word' id='word_1_176' title='bbox 411 2514 494 2579; x_wconf 89' lang='lat' dir='ltr'>pure</span> <span class='ocrx_word' id='word_1_177' title='bbox 510 2495 547 2561; x_wconf 90' lang='lat' dir='ltr'>S.</span> <span class='ocrx_word' id='word_1_178' title='bbox 566 2493 654 2561; x_wconf 81' lang='lat' dir='ltr'>Sria.</span> <span class='ocrx_word' id='word_1_179' title='bbox 675 2495 761 2561; x_wconf 85' lang='lat' dir='ltr'><strong>Rda.</strong></span> <span class='ocrx_word' id='word_1_180' title='bbox 782 2496 916 2563; x_wconf 89' lang='lat' dir='ltr'><strong>uolesse</strong></span> <span class='ocrx_word' id='word_1_181' title='bbox 932 2516 991 2581; x_wconf 89' lang='lat' dir='ltr'>per</span> <span class='ocrx_word' id='word_1_182' title='bbox 1008 2494 1090 2581; x_wconf 86' lang='lat' dir='ltr'>ogni</span> <span class='ocrx_word' id='word_1_183' title='bbox 1111 2495 1213 2561; x_wconf 91' lang='lat' dir='ltr'>modo</span> <span class='ocrx_word' id='word_1_184' title='bbox 1233 2493 1265 2562; x_wconf 94' lang='lat' dir='ltr'>ci</span> <span class='ocrx_word' id='word_1_185' title='bbox 1285 2493 1424 2561; x_wconf 86' lang='lat' dir='ltr'>lascias-</span> <span class='ocrx_word' id='word_1_186' title='bbox 1455 2552 1459 2566; x_wconf 94' lang='lat'><strong>.</strong></span> 
     </span>
     <span class='ocr_line' id='line_1_19' title="bbox 194 2609 1421 2697; baseline 0.003 -23"><span class='ocrx_word' id='word_1_187' title='bbox 194 2632 270 2676; x_wconf 85' lang='lat' dir='ltr'>sero</span> <span class='ocrx_word' id='word_1_188' title='bbox 286 2610 380 2677; x_wconf 82' lang='lat' dir='ltr'><strong>dette</strong></span> <span class='ocrx_word' id='word_1_189' title='bbox 395 2610 524 2687; x_wconf 84' lang='lat' dir='ltr'>scuoie,</span> <span class='ocrx_word' id='word_1_190' title='bbox 544 2609 587 2679; x_wconf 90' lang='lat' dir='ltr'>V.</span> <span class='ocrx_word' id='word_1_191' title='bbox 605 2612 647 2676; x_wconf 88' lang='lat' dir='ltr'>R.</span> <span class='ocrx_word' id='word_1_192' title='bbox 665 2610 714 2696; x_wconf 86' lang='lat' dir='ltr'>gli</span> <span class='ocrx_word' id='word_1_193' title='bbox 730 2610 802 2677; x_wconf 69' lang='lat' dir='ltr'>diri</span> <span class='ocrx_word' id='word_1_194' title='bbox 819 2621 942 2694; x_wconf 84' lang='lat' dir='ltr'><strong>questo</strong></span> <span class='ocrx_word' id='word_1_195' title='bbox 958 2632 1071 2679; x_wconf 85' lang='lat' dir='ltr'><strong>essere</strong></span> <span class='ocrx_word' id='word_1_196' title='bbox 1084 2611 1107 2677; x_wconf 83' lang='lat' dir='ltr'>ii</span> <span class='ocrx_word' id='word_1_197' title='bbox 1121 2632 1239 2697; x_wconf 83' lang='lat' dir='ltr'>parere</span> <span class='ocrx_word' id='word_1_198' title='bbox 1252 2611 1295 2678; x_wconf 91' lang='lat' dir='ltr'>de</span> <span class='ocrx_word' id='word_1_199' title='bbox 1308 2612 1352 2677; x_wconf 89' lang='lat' dir='ltr'>N.</span> <span class='ocrx_word' id='word_1_200' title='bbox 1370 2613 1421 2690; x_wconf 78' lang='lat'><strong>1³..</strong></span> 
     </span>
    </p>
   </div>
   <div class='ocr_carea' id='block_1_3' title="bbox 192 2725 1423 3273">
    <p class='ocr_par' dir='ltr' id='par_1_5' title="bbox 192 2725 1423 3041">
     <span class='ocr_line' id='line_1_20' title="bbox 193 2725 1420 2813; baseline 0.002 -23"><span class='ocrx_word' id='word_1_201' title='bbox 193 2728 257 2792; x_wconf 79' lang='lat' dir='ltr'>che</span> <span class='ocrx_word' id='word_1_202' title='bbox 278 2726 401 2792; x_wconf 88' lang='lat' dir='ltr'>adesso</span> <span class='ocrx_word' id='word_1_203' title='bbox 422 2745 459 2791; x_wconf 87' lang='lat' dir='ltr'>se</span> <span class='ocrx_word' id='word_1_204' title='bbox 479 2725 528 2811; x_wconf 86' lang='lat' dir='ltr'>gli</span> <span class='ocrx_word' id='word_1_205' title='bbox 547 2726 671 2795; x_wconf 89' lang='lat' dir='ltr'>scriue.</span> <span class='ocrx_word' id='word_1_206' title='bbox 696 2727 740 2792; x_wconf 86' lang='lat' dir='ltr'>Et</span> <span class='ocrx_word' id='word_1_207' title='bbox 759 2726 809 2811; x_wconf 91' lang='lat' dir='ltr'>gli</span> <span class='ocrx_word' id='word_1_208' title='bbox 832 2728 927 2812; x_wconf 72' lang='lat' dir='ltr'>porri</span> <span class='ocrx_word' id='word_1_209' title='bbox 950 2726 1168 2813; x_wconf 84' lang='lat' dir='ltr'>aggiungere</span> <span class='ocrx_word' id='word_1_210' title='bbox 1191 2748 1290 2794; x_wconf 89' lang='lat' dir='ltr'>come</span> <span class='ocrx_word' id='word_1_211' title='bbox 1311 2728 1354 2793; x_wconf 97' lang='lat' dir='ltr'>V.</span> <span class='ocrx_word' id='word_1_212' title='bbox 1380 2728 1420 2793; x_wconf 91' lang='lat' dir='ltr'>R.</span> 
     </span>
     <span class='ocr_line' id='line_1_21' title="bbox 192 2820 1423 2929; baseline 0 -24"><span class='ocrx_word' id='word_1_213' title='bbox 192 2841 343 2908; x_wconf 67' lang='lat' dir='ltr'>scriuerzi</span> <span class='ocrx_word' id='word_1_214' title='bbox 360 2841 419 2924; x_wconf 90' lang='lat' dir='ltr'>qui</span> <span class='ocrx_word' id='word_1_215' title='bbox 434 2840 467 2907; x_wconf 85' lang='lat' dir='ltr'>la</span> <span class='ocrx_word' id='word_1_216' title='bbox 483 2820 545 2907; x_wconf 76' lang='lat' dir='ltr'>soa</span> <span class='ocrx_word' id='word_1_217' title='bbox 561 2841 807 2909; x_wconf 80' lang='lat' dir='ltr'>deliberatione</span> <span class='ocrx_word' id='word_1_218' title='bbox 828 2844 895 2908; x_wconf 88' lang='lat' dir='ltr'>che</span> <span class='ocrx_word' id='word_1_219' title='bbox 916 2864 984 2907; x_wconf 88' lang='lat' dir='ltr'>non</span> <span class='ocrx_word' id='word_1_220' title='bbox 1005 2842 1033 2909; x_wconf 87' lang='lat' dir='ltr'>si</span> <span class='ocrx_word' id='word_1_221' title='bbox 1057 2854 1218 2929; x_wconf 87' lang='lat' dir='ltr'>tengano;</span> <span class='ocrx_word' id='word_1_222' title='bbox 1243 2852 1277 2908; x_wconf 83' lang='lat' dir='ltr'>et</span> <span class='ocrx_word' id='word_1_223' title='bbox 1300 2841 1344 2909; x_wconf 88' lang='lat' dir='ltr'>de</span> <span class='ocrx_word' id='word_1_224' title='bbox 1365 2842 1423 2926; x_wconf 92' lang='lat' dir='ltr'>qui</span> 
     </span>
     <span class='ocr_line' id='line_1_22' title="bbox 192 2956 705 3041; baseline 0.012 -22"><span class='ocrx_word' id='word_1_225' title='bbox 192 2956 247 3020; x_wconf 83' lang='lat' dir='ltr'>ali&#39;</span> <span class='ocrx_word' id='word_1_226' title='bbox 267 2957 352 3021; x_wconf 85' lang='lat' dir='ltr'>hora</span> <span class='ocrx_word' id='word_1_227' title='bbox 367 2956 396 3021; x_wconf 91' lang='lat' dir='ltr'>si</span> <span class='ocrx_word' id='word_1_228' title='bbox 415 2957 617 3041; x_wconf 63' lang='lat' dir='ltr'>proaedere,</span> <span class='ocrx_word' id='word_1_229' title='bbox 637 2968 705 3025; x_wconf 88' lang='lat' dir='ltr'>etc.</span> 
     </span>
    </p>

    <p class='ocr_par' dir='ltr' id='par_1_6' title="bbox 258 3072 810 3158">
     <span class='ocr_line' id='line_1_23' title="bbox 258 3072 810 3158; baseline 0.002 -21"><span class='ocrx_word' id='word_1_230' title='bbox 258 3074 311 3137; x_wconf 87' lang='lat' dir='ltr'>De</span> <span class='ocrx_word' id='word_1_231' title='bbox 331 3074 438 3137; x_wconf 85' lang='lat' dir='ltr'>Roma</span> <span class='ocrx_word' id='word_1_232' title='bbox 454 3090 472 3154; x_wconf 89' lang='lat'>5</span> <span class='ocrx_word' id='word_1_233' title='bbox 491 3072 533 3139; x_wconf 87' lang='lat' dir='ltr'>de</span> <span class='ocrx_word' id='word_1_234' title='bbox 551 3072 693 3158; x_wconf 86' lang='lat' dir='ltr'>Maggio</span> <span class='ocrx_word' id='word_1_235' title='bbox 715 3089 810 3156; x_wconf 81' lang='lat'><strong>1554.</strong></span> 
     </span>
    </p>

    <p class='ocr_par' dir='ltr' id='par_1_7' title="bbox 260 3188 632 3273">
     <span class='ocr_line' id='line_1_24' title="bbox 260 3188 632 3273; baseline 0.003 -21"><span class='ocrx_word' id='word_1_236' title='bbox 260 3188 454 3273; x_wconf 74' lang='lat' dir='ltr'>Inscriptio.</span> <span class='ocrx_word' id='word_1_237' title='bbox 474 3188 632 3256; x_wconf 76' lang='lat' dir='ltr'>Venetia.</span> 
     </span>
    </p>
   </div>
   <div class='ocr_carea' id='block_1_4' title="bbox 196 3330 391 3337">
    <p class='ocr_par' dir='ltr' id='par_1_8' title="bbox 196 3330 391 3337">
     <span class='ocr_line' id='line_1_25' title="bbox 196 3330 391 3337; baseline 0.005 -1"><span class='ocrx_word' id='word_1_238' title='bbox 196 3330 391 3337; x_wconf 47' lang='grc' dir='ltr'>*κῇ-..-</span> 
     </span>
    </p>
   </div>
   <div class='ocr_carea' id='block_1_5' title="bbox 188 3392 1420 3553">
    <p class='ocr_par' dir='ltr' id='par_1_9' title="bbox 188 3392 1420 3553">
     <span class='ocr_line' id='line_1_26' title="bbox 242 3392 1420 3467; baseline 0.003 -22"><span class='ocrx_word' id='word_1_239' title='bbox 242 3408 257 3434; x_wconf 73' lang='lat' dir='ltr'>a</span> <span class='ocrx_word' id='word_1_240' title='bbox 293 3409 375 3447; x_wconf 73' lang='lat' dir='ltr'>atera</span> <span class='ocrx_word' id='word_1_241' title='bbox 390 3412 444 3447; x_wconf 78' lang='lat' dir='ltr'>ms.</span> <span class='ocrx_word' id='word_1_242' title='bbox 483 3398 533 3437; x_wconf 86' lang='lat' dir='ltr'>—b</span> <span class='ocrx_word' id='word_1_243' title='bbox 554 3394 698 3466; x_wconf 74' lang='lat' dir='ltr'>Sequitur</span> <span class='ocrx_word' id='word_1_244' title='bbox 709 3395 782 3458; x_wconf 57' lang='lat' dir='ltr'>liaeo</span> <span class='ocrx_word' id='word_1_245' title='bbox 795 3399 914 3450; x_wconf 66' lang='lat' dir='ltr'>annon.-</span> <span class='ocrx_word' id='word_1_246' title='bbox 929 3394 946 3433; x_wconf 79' lang='grc'>*</span> <span class='ocrx_word' id='word_1_247' title='bbox 959 3392 1058 3462; x_wconf 84' lang='lat' dir='ltr'><strong>Segne</strong></span> <span class='ocrx_word' id='word_1_248' title='bbox 1072 3404 1176 3467; x_wconf 86' lang='lat' dir='ltr'><strong>questa</strong></span> <span class='ocrx_word' id='word_1_249' title='bbox 1191 3394 1295 3449; x_wconf 83' lang='lat' dir='ltr'>iettera</span> <span class='ocrx_word' id='word_1_250' title='bbox 1316 3396 1420 3451; x_wconf 78' lang='lat' dir='ltr'>lettera</span> 
     </span>
     <span class='ocr_line' id='line_1_27' title="bbox 188 3482 655 3553; baseline 0.009 -19"><span class='ocrx_word' id='word_1_251' title='bbox 188 3482 256 3552; x_wconf 72' lang='lat' dir='ltr'>[sic]</span> <span class='ocrx_word' id='word_1_252' title='bbox 269 3482 298 3535; x_wconf 90' lang='lat' dir='ltr'>in</span> <span class='ocrx_word' id='word_1_253' title='bbox 312 3484 380 3553; x_wconf 89' lang='lat' dir='ltr'><strong>quel</strong></span> <span class='ocrx_word' id='word_1_254' title='bbox 395 3499 487 3553; x_wconf 81' lang='lat' dir='ltr'>segno</span> <span class='ocrx_word' id='word_1_255' title='bbox 500 3483 529 3537; x_wconf 91' lang='lat' dir='ltr'>di</span> <span class='ocrx_word' id='word_1_256' title='bbox 543 3493 655 3538; x_wconf 80' lang='lat' dir='ltr'>contra.</span> 
     </span>
    </p>
   </div>
   <div class='ocr_carea' id='block_1_6' title="bbox 187 3670 1422 4099">
    <p class='ocr_par' dir='ltr' id='par_1_10' title="bbox 243 3670 581 3743">
     <span class='ocr_line' id='line_1_28' title="bbox 243 3670 581 3743; baseline 0 -18"><span class='ocrx_word' id='word_1_257' title='bbox 243 3676 253 3704; x_wconf 80' lang='lat'>⁷</span> <span class='ocrx_word' id='word_1_258' title='bbox 292 3670 581 3743; x_wconf 77' lang='lat' dir='ltr'>GasparGropriius.</span> 
     </span>
    </p>

    <p class='ocr_par' dir='ltr' id='par_1_11' title="bbox 242 3762 749 3831">
     <span class='ocr_line' id='line_1_29' title="bbox 242 3762 749 3831; baseline 0.002 -17"><span class='ocrx_word' id='word_1_259' title='bbox 242 3764 254 3793; x_wconf 56' lang='grc' dir='ltr'>ὃ</span> <span class='ocrx_word' id='word_1_260' title='bbox 291 3762 421 3830; x_wconf 76' lang='lat' dir='ltr'>joannes</span> <span class='ocrx_word' id='word_1_261' title='bbox 434 3762 614 3831; x_wconf 72' lang='lat' dir='ltr'>Romanius,</span> <span class='ocrx_word' id='word_1_262' title='bbox 628 3762 749 3817; x_wconf 81' lang='lat' dir='ltr'>siculus.</span> 
     </span>
    </p>

    <p class='ocr_par' dir='ltr' id='par_1_12' title="bbox 187 3849 1422 4099">
     <span class='ocr_line' id='line_1_30' title="bbox 242 3849 1420 3922; baseline 0.008 -24"><span class='ocrx_word' id='word_1_263' title='bbox 242 3852 253 3881; x_wconf 72' lang='lat'><strong>⁰</strong></span> <span class='ocrx_word' id='word_1_264' title='bbox 291 3850 453 3904; x_wconf 82' lang='lat' dir='ltr'>«Dominus</span> <span class='ocrx_word' id='word_1_265' title='bbox 468 3851 548 3903; x_wconf 84' lang='lat' dir='ltr'>Prior</span> <span class='ocrx_word' id='word_1_266' title='bbox 561 3851 679 3922; x_wconf 85' lang='lat' dir='ltr'>saepius</span> <span class='ocrx_word' id='word_1_267' title='bbox 693 3850 800 3905; x_wconf 81' lang='lat' dir='ltr'>nostris</span> <span class='ocrx_word' id='word_1_268' title='bbox 815 3849 1033 3917; x_wconf 71' lang='lat' dir='ltr'>significaverat</span> <span class='ocrx_word' id='word_1_269' title='bbox 1048 3866 1105 3905; x_wconf 92' lang='lat' dir='ltr'>non</span> <span class='ocrx_word' id='word_1_270' title='bbox 1118 3851 1288 3905; x_wconf 80' lang='lat' dir='ltr'>existimare</span> <span class='ocrx_word' id='word_1_271' title='bbox 1302 3868 1334 3905; x_wconf 84' lang='lat' dir='ltr'>se</span> <span class='ocrx_word' id='word_1_272' title='bbox 1348 3868 1420 3909; x_wconf 86' lang='lat' dir='ltr'><strong>ex...</strong></span> 
     </span>
     <span class='ocr_line' id='line_1_31' title="bbox 187 3937 1422 4017; baseline 0.002 -26"><span class='ocrx_word' id='word_1_273' title='bbox 187 3938 297 3992; x_wconf 72' lang='lat' dir='ltr'>scholis</span> <span class='ocrx_word' id='word_1_274' title='bbox 311 3956 448 4008; x_wconf 84' lang='lat' dir='ltr'>magnum</span> <span class='ocrx_word' id='word_1_275' title='bbox 462 3937 589 4017; x_wconf 69' lang='lat' dir='ltr'>fructum</span> <span class='ocrx_word' id='word_1_276' title='bbox 602 3957 670 3993; x_wconf 82' lang='lat' dir='ltr'><strong>esse</strong></span> <span class='ocrx_word' id='word_1_277' title='bbox 683 3939 916 4011; x_wconf 61' lang='lat' dir='ltr'>percipiendum</span> <span class='ocrx_word' id='word_1_278' title='bbox 935 3938 1019 3993; x_wconf 86' lang='lat' dir='ltr'><strong>etad</strong></span> <span class='ocrx_word' id='word_1_279' title='bbox 1037 3956 1088 3993; x_wconf 85' lang='lat' dir='ltr'>eas</span> <span class='ocrx_word' id='word_1_280' title='bbox 1107 3940 1135 3995; x_wconf 90' lang='lat' dir='ltr'>in</span> <span class='ocrx_word' id='word_1_281' title='bbox 1154 3948 1303 4011; x_wconf 81' lang='lat' dir='ltr'>posterum</span> <span class='ocrx_word' id='word_1_282' title='bbox 1321 3950 1422 3995; x_wconf 88' lang='lat' dir='ltr'>tenen·</span> 
     </span>
     <span class='ocr_line' id='line_1_32' title="bbox 187 4020 1421 4099; baseline 0.002 -18"><span class='ocrx_word' id='word_1_283' title='bbox 187 4025 241 4081; x_wconf 78' lang='lat' dir='ltr'>das</span> <span class='ocrx_word' id='word_1_284' title='bbox 253 4044 355 4098; x_wconf 81' lang='lat' dir='ltr'>parum</span> <span class='ocrx_word' id='word_1_285' title='bbox 368 4037 432 4083; x_wconf 84' lang='lat' dir='ltr'>erat</span> <span class='ocrx_word' id='word_1_286' title='bbox 444 4046 618 4099; x_wconf 77' lang='lat' dir='ltr'>propensus3</span> <span class='ocrx_word' id='word_1_287' title='bbox 633 4046 691 4084; x_wconf 88' lang='lat' dir='ltr'>non</span> <span class='ocrx_word' id='word_1_288' title='bbox 709 4038 806 4084; x_wconf 84' lang='lat' dir='ltr'>tamen</span> <span class='ocrx_word' id='word_1_289' title='bbox 816 4020 880 4083; x_wconf 85' lang='lat' dir='ltr'>&#39;hoc</span> <span class='ocrx_word' id='word_1_290' title='bbox 899 4046 976 4083; x_wconf 88' lang='lat' dir='ltr'>anno</span> <span class='ocrx_word' id='word_1_291' title='bbox 994 4028 1114 4083; x_wconf 79' lang='lat' dir='ltr'>relictae</span> <span class='ocrx_word' id='word_1_292' title='bbox 1132 4027 1281 4085; x_wconf 74' lang='lat' dir='ltr'>suerunt.»</span> <span class='ocrx_word' id='word_1_293' title='bbox 1301 4030 1421 4084; x_wconf 66' lang='lat' dir='ltr'>Pomm·</span> 
     </span>
    </p>
   </div>
   <div class='ocr_carea' id='block_1_7' title="bbox 188 4116 544 4187">
    <p class='ocr_par' dir='ltr' id='par_1_13' title="bbox 188 4116 544 4187">
     <span class='ocr_line' id='line_1_33' title="bbox 188 4116 544 4187; baseline 0 -16"><span class='ocrx_word' id='word_1_294' title='bbox 188 4130 260 4185; x_wconf 89' lang='lat' dir='ltr'>cus,</span> <span class='ocrx_word' id='word_1_295' title='bbox 276 4116 398 4183; x_wconf 66' lang='lat' dir='ltr'>Chron„</span> <span class='ocrx_word' id='word_1_296' title='bbox 414 4119 467 4187; x_wconf 85' lang='lat' dir='ltr'>lV,</span> <span class='ocrx_word' id='word_1_297' title='bbox 486 4132 544 4186; x_wconf 87' lang='lat'><strong>¹27-</strong></span> 
     </span>
    </p>
   </div>
   <div class='ocr_carea' id='block_1_8' title="bbox 0 0 1788 5409">
    <p class='ocr_par' dir='ltr' id='par_1_14' title="bbox 0 0 1788 5409">
     <span class='ocr_line' id='line_1_34' title="bbox 0 0 1788 5409; baseline 0 9"><span class='ocrx_word' id='word_1_298' title='bbox 0 0 1788 5409; x_wconf 95' lang='lat' dir='ltr'> </span> 
     </span>
    </p>
   </div>
  </div>
 </body>
</html>
