3567 5409
553 466 656 523 ense.
674 434 827 533 4310ss-31
849 466 964 523 mnan
986 479 1055 535 1554
1332 464 1393 539 543)

176 618 329 698 seruito,
355 641 410 685 ma
431 639 493 704 per
512 618 655 699 seruire3
678 640 716 687 se
738 640 802 705 pur
823 617 919 709 lddio
939 618 1011 687 cosi
1034 620 1067 684 lo
1088 619 1205 697 uuolc,
1233 617 1426 695 dobbiamo³

176 736 400 803 contentarci
416 732 431 773 ¹'
446 745 481 803 et
498 736 605 802 hauet
622 734 797 821 patientia.
817 734 1061 803 Aduertiscase
1079 734 1242 820 pericho
1265 734 1298 809 la
1313 754 1417 820 quar·

176 861 266 917 tana
282 872 351 917 non
368 852 475 919 uuole
486 871 581 918 esser
592 861 808 929 accarezata,
818 861 855 919 et
866 849 889 915 l'
901 849 1079 919 essercitio
1090 849 1281 919 domestico
1294 849 1415 935 gima-

176 966 236 1047 τὰ,
254 988 354 1035 corne
368 966 553 1033 crediamo.
1034 1032 1037 1039 ,
1418 1037 1422 1047 ,

253 1082 295 1150 Li
310 1082 434 1149 fratelli
445 1084 592 1149 =Andrea
607 1092 646 1151 et
658 1082 789 1150 Fabbio
806 1087 818 1118 ⁸
835 1083 870 1148 in
892 1082 977 1169 ogni
994 1083 1097 1151 modo
1121 1083 1150 1148 si
1171 1082 1333 1149 mandino
1355 1104 1422 1167 pen

176 1220 295 1284 acqua
315 1220 334 1264 a
357 1198 475 1268 Sicilia
489 1219 555 1265 con
578 1200 611 1264 la
627 1198 771 1285 meglior
790 1198 995 1284 compagnia
1015 1213 1050 1265 et
1070 1198 1277 1269 commoditi
1296 1200 1370 1275 che,
1384 1198 1427 1273 si·

176 1315 296 1401 potri3
310 1326 345 1383 et
361 1336 422 1402 per
440 1336 507 1379 non
523 1334 670 1399 grauate
686 1314 708 1380 il
726 1314 817 1383 Rdo.
835 1314 1035 1401 monsignor
1046 1314 1078 1380 ci
1091 1312 1421 1381 habbiamosforza·t

178 1441 222 1497 to
237 1432 283 1498 de
300 1432 351 1497 far
368 1430 427 1515 qui
438 1452 491 1495 =un
509 1430 656 1509 cambio,
674 1430 771 1497 acciri
790 1430 894 1497 diano
910 1431 945 1495 in
967 1430 1112 1499 Venetia
1133 1428 1292 1514 quindeni
1320 1445 1352 1507 v,
1369 1430 1411 1495 .d'

176 1566 245 1612 oro
259 1546 387 1613 subito.
407 1546 450 1612 V.
471 1548 512 1611 R.
531 1544 675 1632 pigliari
690 1566 712 1610 o
727 1545 808 1612 tutti
825 1566 846 1611 ο
861 1548 895 1612 la
911 1557 1006 1631 parte
1021 1544 1058 1611 di
1074 1544 1175 1629 quelli
1193 1546 1258 1611 che
1275 1544 1297 1613 li
1315 1566 1414 1630 pare-

178 1662 220 1727 ra
238 1662 444 1739 necessaria,
462 1672 498 1729 et
514 1660 536 1726 li
554 1660 681 1739 mandi,
699 1672 735 1728 et
749 1661 858 1728 dicaa
873 1662 948 1727 loro
960 1664 1025 1730 che
1037 1663 1080 1728 N.
1096 1664 1131 1729 P.
1150 1660 1183 1726 di
1197 1660 1301 1746 quali
1314 1682 1412 1727 man-

176 1777 226 1843 da
246 1798 314 1843 sua·
331 1775 584 1856 benedictione,
606 1787 641 1844 et
664 1780 729 1844 che
749 1776 874 1843 vadino
896 1798 960 1844 con
982 1778 1076 1844 buon
1096 1757 1250 1843 animoa
1279 1774 1410 1857 Sicilia,

176 1893 272 1959 doue
289 1904 471 1960 tronarano
488 1892 510 1957 li
526 1890 632 1959 nostri
650 1875 844 1977 preuenuti,
858 1903 894 1959 et
909 1914 976 1960 con
991 1914 1054 1959 sua
1065 1891 1272 1959 commoditi
1285 1913 1411 1977 procu·

176 2029 305 2077 rerano
319 2012 384 2075 che
399 2008 423 2075 li
438 2008 514 2076 suoi
531 2009 662 2094 parenti
679 2011 876 2095 prouedano
887 2009 923 2075 di
934 2010 1047 2094 questi
1065 2026 1102 2092 15
1122 2025 1152 2081 V
1163 2006 1199 2077 ,⁶³
1212 2030 1270 2094 per
1283 2028 1408 2094 pergat*¹

176 2126 203 2189 li
219 2146 241 2191 a
256 2124 314 2192 chi
329 2126 353 2189 li
369 2136 494 2211 presta.
513 2125 578 2193 Del
595 2134 687 2193 resto
703 2147 771 2191 non
788 2126 914 2192 accade
930 2128 994 2192 che
1009 2123 1060 2191 sia
1076 2125 1305 2210 speronatala
1327 2126 1410 2191 cha-

177 2241 245 2308 riti
263 2241 390 2326 persar
407 2240 491 2327 ogni
506 2241 677 2307 offitiode
693 2240 858 2309 mandarli
875 2241 1107 2321 accomodari,
1126 2254 1161 2309 et
1182 2245 1209 2307 s'
1233 2238 1408 2307 accedessi

179 2377 289 2443 pagar
304 2357 362 2443 pio
378 2356 510 2435 danari,
528 2358 561 2423 la
576 2357 611 2422 in
628 2356 745 2424 Sicilia
760 2356 791 2423 si
805 2378 994 2443 pagarano.

245 2472 312 2539 Del
328 2474 462 2540 fratello
479 2472 651 2538 Anrricho
666 2474 679 2508 ⁸
696 2495 764 2538 non
789 2473 916 2540 accade
931 2474 1018 2539 altro
1038 2472 1169 2551 ordine,
1192 2494 1230 2541 se
1253 2493 1323 2537 non
1343 2474 1418 2549 che¹

177 2610 239 2675 per
254 2589 489 2673 questastade
505 2587 603 2672 proui
619 2589 641 2653 l'
659 2588 798 2656 arcade
815 2586 1000 2675 Peroggia‚
1020 2590 1120 2673 quale
1138 2588 1155 2653 ὲ
1178 2588 1284 2654 molto
1304 2608 1409 2653 cona-

177 2705 290 2772 turale
305 2702 363 2770 alli
378 2702 603 2791 flameng[lt]i,
621 2703 837 2771 secondochi
854 2706 899 2769 ho
914 2702 1025 2771 inleso
1041 2701 1075 2770 d'
1094 2726 1139 2769 un
1151 2706 1286 2772 valente
1300 2702 1411 2771 medi-¹

177 2820 424 2906 cofiamcngo,
442 2819 574 2905 pralico
591 2819 625 2885 in
642 2819 755 2903 quella
771 2818 882 2888 citta.·,
1350 2890 1352 2897 ,

248 2938 313 3003 Del
329 2936 471 3003 mandor
491 2953 529 3002 12
547 2957 606 3019 per
623 2933 768 3003 Uenetia
784 2945 820 3001 et
835 2934 912 3001 altri
930 2934 1014 3001 tanti
1038 2957 1098 3021 per
1121 2936 1251 3015 Padua,
1275 2938 1407 3013 hanen-

176 3054 223 3119 do
238 3076 259 3119 a
274 3052 394 3120 uenire
410 3064 526 3137 presto
542 3053 577 3116 in
594 3050 688 3117 ltalia
704 3052 728 3116 il
747 3054 785 3116 P.
806 3054 906 3120 Mtro.
928 3050 1037 3121 Nadal
1053 3050 1086 3137 (il
1104 3051 1204 3137 quale
1222 3052 1267 3118 ha
1284 3050 1407 3133 uisite,-

177 3168 249 3235 toli
262 3167 399 3255 collegii
422 3168 456 3234 di
470 3168 612 3254 Spagna
628 3179 663 3235 et
683 3168 884 3253 Portugallo
897 3188 993 3235 come
1007 3166 1183 3235 uisitatorc
1195 3177 1229 3235 et
1249 3165 1419 3235 commis.

174 3284 267 3351 sario
278 3284 323 3352 de
335 3286 379 3352 N.
396 3285 463 3368 P.),
477 3294 512 3350 et
524 3284 684 3350 hauendo
697 3306 716 3348 a
729 3282 848 3349 uisitar
859 3282 963 3350 etiam
975 3282 1000 3352 li
1012 3283 1136 3369 collegi
1153 3282 1187 3349 di
1201 3281 1310 3363 ltalia,
1326 3303 1408 3368 pare

175 3401 206 3467 si
222 3400 332 3487 potria
343 3400 451 3466 ›insin'
469 3400 525 3465 all'
543 3402 628 3465 hora
640 3398 802 3478 diflerire,
820 3400 953 3465 benchi
970 3398 997 3465 si
1011 3400 1173 3466 mandeti
1187 3420 1231 3465 un
1245 3400 1399 3466 sacerdo·

177 3530 212 3583 te
227 3518 335 3582 molto
350 3515 556 3595 sufficiente,
574 3526 610 3580 et
625 3513 777 3581 italiano.
864 3573 868 3580 .

245 3632 343 3699 Nella
364 3630 480 3697 chiesa
499 3631 590 3696 doue
609 3632 642 3704 la
661 3632 701 3696 R.
729 3632 772 3697 V.
795 3631 952 3697 confessa
964 3651 1046 3716 pare
1061 3630 1224 3699 sarrebbe
1243 3630 1330 3696 assai
1353 3628 1406 3694 in·

175 3750 405 3815 conueniente
420 3748 474 3812 ch'
487 3747 575 3813 altro
589 3745 736 3813 sentisse
750 3756 765 3784 ⁰
779 3744 1001 3824 confessioni,
1020 3767 1057 3813 se
1074 3766 1141 3811 non
1160 3745 1242 3812 fossi
1258 3747 1302 3813 de
1318 3747 1406 3813 bon*—

147 3844 151 3851 ’
176 3863 211 3929 tir
227 3864 334 3928 molto
350 3864 493 3947 probato
508 3873 544 3927 et
559 3864 624 3928 che
640 3884 709 3927 non
727 3859 876 3946 pigliassi
895 3859 1080 3930 elemosine
1093 3883 1152 3946 per
1169 3862 1201 3930 lc
1216 3862 1406 3930 confessio·
1446 3882 1448 3889 ’

176 3980 224 4045 ni.
243 3978 442 4046 Altrimenti
457 3978 602 4044 sarebbe
618 3976 781 4043 atribuito
796 3998 815 4042 a
828 3977 886 4041 noi
904 3986 1033 4061 quanto
1049 3977 1138 4043 male
1149 3977 1355 4063 seguitasse,
1369 3987 1405 4045 et

176 4094 204 4161 si
226 4095 437 4181 pensarebbe
456 4094 524 4160 che
544 4092 602 4158 noi
623 4090 786 4178 pigliamo
813 4113 876 4176 per
896 4090 1117 4181 confessioni,
1144 4104 1211 4159 etc.
1239 4092 1404 4198 Teniamo

228 4350 243 4391 l
279 4345 461 4403 contentarsi
475 4362 530 4403 ms.
570 4358 618 4387 ..e
637 4346 787 4400 sentenssi
800 4362 855 4403 ms.

176 4499 373 4509 ----.-ο-

227 4595 238 4627 ⁸
275 4591 410 4646 Andreas
422 4590 461 4645 de
473 4588 564 4644 Salvo
576 4596 608 4643 et
621 4589 731 4644 Fabius
747 4544 905 4656 Basilicus,
918 4587 957 4643 de
969 4588 1085 4659 ouibus
1098 4588 1161 4659 agit
1171 4542 1418 4668 opitulando,

227 4683 239 4718 ⁸
276 4678 424 4736 Henricus
436 4676 625 4734 Sommalius.
641 4678 824 4748 PotnnctJS,
840 4676 1033 4746 Chron.,1V,
1051 4686 1110 4745 125.
1207 4720 1211 4736 ,
