3567 5409
764 483 977 539 Mouuuuuu
996 484 1181 540 louurrnun

915 667 1025 746 4444

650 816 791 882 PATRI
815 816 1083 885 FRANCISCO
1108 817 1289 883 PALMIO

791 960 878 1003 noun
902 959 934 1001 12
951 960 1023 1014 urJr
1044 960 1113 1019 1554
1133 948 1154 1006 ¹.

356 1074 400 1128 De
414 1074 587 1146 Augustino
600 1074 636 1127 de
651 1074 683 1127 lo
694 1072 772 1127 Riva
786 1074 959 1129 Bononiam
970 1074 1240 1145 surrento-biiii
1256 1077 1573 1131 mundato—Litterae

396 1164 437 1217 ari
451 1162 588 1217 Marcum
604 1163 770 1216 Antonium
785 1168 820 1216 de
834 1162 1028 1236 Bentivoglio
1040 1166 1119 1218 etad
1130 1165 1302 1234 praesulem
1316 1166 1535 1220 anconitanum.

916 1307 1017 1448 Jhus.

427 1480 497 1543 Pax
515 1475 572 1545 X?

422 1548 617 1660 Haobiamo
634 1592 790 1661 riceuuto
805 1553 977 1677 quelleue
998 1613 1031 1676 4,
1055 1605 1090 1661 et
1111 1615 1175 1660 eon
1197 1615 1272 1662 esse
1295 1582 1505 1681 rallegratoci
1523 1596 1575 1661 nel

354 1708 513 1796 Signme,
535 1710 744 1775 intendendo
760 1711 791 1775 la
806 1711 903 1776 salua
918 1708 1037 1793 gionta
1052 1709 1140 1777 costi
1158 1711 1211 1775 del
1230 1712 1271 1776 Ρ.
1295 1710 1471 1797 Agustino
1486 1713 1510 1777 ¹.
1527 1712 1575 1776 Id·

355 1826 412 1891 dio
428 1828 471 1892 N.
491 1826 528 1893 S.
548 1824 575 1891 si
590 1824 698 1910 degni
714 1824 798 1890 darli
820 1826 930 1891 sanitir
953 1837 987 1892 et
1012 1827 1104 1892 forze
1128 1848 1189 1912 per
1209 1828 1337 1912 potensi
1360 1827 1510 1893 asiaticar
1525 1828 1575 1893 nel

355 1963 418 2008 suo
429 1939 592 2025 seruigio.
608 1942 652 2006 Et
664 1952 793 2025 quanto
809 1962 828 2006 a
844 1943 958 2025 quello
974 1940 1050 2008 dice
1067 1944 1110 2008 V.
1131 1944 1173 2010 R.
1191 1944 1235 2009 de
1251 1943 1480 2029 mandarsegli
1495 1944 1576 2008 altro
1680 1949 1683 1958 '

355 2056 389 2121 in
406 2057 485 2123 loco
506 2056 540 2122 di
562 2058 657 2124 detto
679 2057 801 2135 Padre‚
826 2079 885 2141 per
907 2059 1029 2125 adesso
1054 2081 1125 2123 non
1149 2059 1167 2124 ὲ
1191 2057 1378 2145 possib[i]le
1401 2058 1480 2124 farsi
1500 2060 1576 2123 altra

354 2172 555 2239 mutatione.
574 2174 610 2241 Si
627 2175 691 2238 che
708 2175 752 2241 V.
773 2174 812 2239 R.
832 2174 928 2259 potrir
945 2174 1108 2258 quietarsi
1124 2196 1189 2239 eon
1205 2173 1442 2254 detto‘Padre,
1460 2188 1495 2241 et
1515 2197 1576 2240 non

355 2300 466 2355 tentar
487 2289 573 2353 altro
594 2287 740 2367 cambio,
764 2289 887 2373 perche}
912 2288 960 2374 gli
985 2291 1127 2374 potrebe
1149 2290 1289 2357 auenire
1311 2292 1426 2374 quello
1449 2293 1513 2357 che
1534 2288 1577 2375 gli

354 2425 488 2470 auenne
504 2400 594 2491 coin]
612 2406 713 2470 Mtro.
733 2405 912 2471 Laurenzo
928 2416 962 2469 et
978 2408 1082 2473 Mtro.
1098 2404 1257 2490 Philippo
1273 2406 1298 2470 ³.
1324 2407 1367 2469 Et
1389 2406 1448 2490 qui
1470 2405 1577 2491 giudi·

355 2519 490 2585 chiamo
507 2540 570 2585 con
589 2521 619 2585 la
636 2519 747 2603 gratia
764 2521 817 2585 del
836 2519 983 2605 Signore
1005 2523 1071 2589 che
1091 2521 1115 2585 il
1138 2524 1178 2588 P.
1202 2524 1304 2588 Mtro.
1330 2522 1506 2608 Agustino
1526 2542 1577 2587 so-

353 2635 480 2701 disfarit
496 2656 515 2700 a
531 2637 645 2720 quello
657 2639 721 2701 che
739 2636 866 2704 ricerca
882 2638 925 2702 V.
946 2639 1001 2717 R„
1021 2636 1179 2703 massime
1196 2659 1256 2722 per
1273 2638 1306 2703 lo
1321 2638 1518 2704 confessore
1534 2637 1578 2701 al-

354 2772 443 2817 cune
460 2773 603 2837 persone
620 2753 662 2817 de
679 2752 818 2836 quatita,
838 2752 929 2835 quali
945 2752 1120 2819 ricercano
1137 2774 1205 2818 una
1221 2774 1366 2839 persona
1383 2764 1576 2839 attempata.

427 2868 558 2934 Perchi
576 2868 778 2953 monsignor
793 2868 912 2952 Giglio
928 2869 939 2900 ⁴
957 2870 1002 2934 ha
1018 2868 1104 2935 costi
1125 2890 1193 2934 una
1208 2891 1270 2935 sua
1292 2883 1429 2953 nepote,
1452 2870 1579 2954 figliuo-

356 2986 388 3049 la
406 2986 449 3049 de
467 3007 528 3049 sua
544 2984 679 3062 sorella,
702 2986 732 3048 la
755 2985 854 3067 quale
879 2982 980 3050 insin'
1004 2986 1126 3052 adesso
1149 3007 1219 3049 non
1242 2985 1270 3050 si
1288 2985 1306 3051 ὲ
1323 2985 1476 3064 risoluta,
1501 2985 1542 3051 niz
1563 3008 1580 3051 a

355 3102 444 3167 sarse
460 3120 616 3178 monaca,
635 3100 678 3166 niz
694 3122 714 3165 a
730 3098 908 3180 maritarsi,
928 3098 1037 3183 questi
1055 3100 1196 3185 signori,
1215 3101 1289 3167 suoi
1303 3100 1447 3186 parenti,
1462 3103 1580 3167 avreb·

353 3216 436 3281 bero
452 3228 466 3255 ²
481 3240 501 3281 a
517 3237 599 3283 earo
616 3215 727 3281 chela
745 3217 784 3281 R.
805 3216 848 3281 V.
870 3214 1003 3282 uedessi
1020 3218 1063 3283 de
1079 3216 1285 3301 disponerla,
1307 3238 1328 3281 o
1349 3237 1433 3283 uero
1456 3238 1514 3301 per
1535 3218 1581 3281 in-

351 3332 443 3398 'trare
461 3331 495 3395 in
512 3332 659 3415 qualche
675 3340 868 3396 monastero
884 3330 899 3369 b
915 3331 948 3414 (il
966 3334 1032 3397 che
1047 3353 1150 3397 senza
1166 3332 1420 3417 comparatione
1441 3335 1581 3401 sarebbe

354 3446 480 3532 meglio
498 3446 628 3531 periei,
648 3448 881 3514 deuouendosi
903 3450 947 3513 da
967 3450 1097 3514 douero
1118 3449 1149 3513 al
1171 3470 1235 3513 suo
1258 3451 1437 3533 creatore),
1459 3471 1481 3513 o
1504 3471 1582 3516 uero

353 3584 413 3649 per
429 3564 462 3627 lo
478 3572 567 3628 stato
589 3562 848 3630 matrimoniale.
872 3562 911 3629 Si
933 3566 997 3628 ohe
1018 3565 1062 3629 V.
1088 3566 1127 3629 R.
1157 3564 1255 3631 useri
1277 3566 1390 3648 quella
1413 3565 1581 3650 diligenza

353 3682 418 3745 che
434 3678 481 3762 gli
499 3682 574 3744 serit
591 3677 762 3763 possibile,
782 3678 876 3743 accio
892 3680 950 3744 eh’
969 3680 1032 3743 ella
1050 3678 1077 3744 si
1094 3679 1285 3764 disponessi
1302 3701 1322 3745 a
1338 3680 1469 3746 seruire
1488 3680 1511 3744 il
1527 3679 1580 3748 Si-

354 3816 462 3880 gnore
478 3816 499 3858 o
516 3795 570 3859 nel
588 3816 658 3859 uno
679 3806 703 3873 ⁰,
726 3816 746 3858 ο
769 3796 823 3859 nel
847 3794 958 3881 [altro]
982 3805 1083 3875 stat03
1110 3807 1143 3863 et
1167 3816 1234 3861 con
1260 3797 1292 3860 la
1316 3796 1424 3880 prima
1446 3796 1479 3861 ci
1501 3797 1582 3862 daris

353 3911 448 3975 auiso
464 3911 508 3975 de
524 3911 639 3995 quello
656 3913 718 3977 che
735 3932 834 3996 sopra
851 3909 904 3975 cio
920 3908 1028 3975 avrtd
1045 3912 1142 3977 fatto.
1159 3912 1204 3979 Se
1218 3933 1282 3997 pur
1297 3932 1435 3997 paresse
1447 3936 1467 3976 a
1480 3913 1524 3979 V.
1540 3915 1580 3979 R.

351 4025 476 4092 chetei
493 4038 546 4091 sta
562 4026 688 4111 meglio
704 4025 790 4093 costi
812 4049 872 4112 per
893 4028 1030 4107 adesso
1054 4028 1085 4091 la
1108 4027 1275 4094 conformi
1297 4039 1331 4093 et
1353 4028 1383 4094 ci
1406 4027 1462 4094 dia
1485 4028 1583 4094 auiso

352 4150 544 4159 ..ὑ-..-

404 4222 418 4249 a
455 4208 625 4261 harebbono
648 4224 701 4261 ms.
742 4208 791 4249 -b
821 4207 1002 4260 monastanio
1021 4224 1076 4260 ms.
1115 4208 1325 4283 —ciunoms
1368 4208 1503 4262 -dhartr
1527 4226 1583 4262 ms.

352 4313 545 4322 ———

405 4360 412 4390 ¹
452 4360 496 4412 Ex
507 4359 608 4415 codice
623 4360 739 4425 lienosi.
756 4362 796 4425 II,
812 4359 862 4415 fol.
881 4373 961 4427 104v.

403 4450 414 4481 ²
452 4449 638 4517 Augustinus
652 4451 688 4503 de
703 4453 729 4505 la
743 4450 828 4507 Riva.

403 4538 414 4569 ³
452 4539 580 4606 Joannes
597 4540 770 4594 Laurentius
787 4540 938 4595 Patarinus
952 4548 982 4593 et
997 4540 1148 4611 Philippus
1160 4540 1300 4607 Leernus‚
1314 4541 1364 4612 qui
1374 4539 1523 4595 Bononiae
1532 4539 1585 4595 diu

350 4626 458 4680 versati
474 4644 530 4680 non
545 4638 624 4695 sunt,
638 4646 704 4682 curn
718 4628 754 4682 ad
770 4629 879 4699 majora
892 4628 1124 4684 destinarentur.

403 4718 414 4749 ⁴
451 4715 579 4771 Thomas
595 4718 696 4774 Lilrus.
