3567 5409
791 452 998 509 Monuunnrn
1022 454 1201 509 lonurnun

951 607 1056 691 399⁰

498 738 640 806 PATRI
662 738 889 807 ANDREAE
911 740 1238 809 GALVANELLO
1262 742 1325 808 EX
1348 742 1502 809 COMM.

772 876 860 919 noun
876 865 909 918 16
923 876 1103 920 oecenenrs
1118 862 1188 935 155³
1201 864 1223 921 ⁸.

379 1008 500 1064 Annuit
517 1013 550 1063 ut
571 1006 720 1063 Morbonir'
738 1004 889 1078 tantisper
907 1005 1050 1063 consistat
1068 1008 1162 1062 donec
1179 1008 1251 1063 inde
1269 1014 1423 1076 euocatum·
1440 1011 1492 1065 red
1508 1010 1617 1065 hodeot

431 1104 507 1170 prae
520 1096 614 1153 oculis
625 1114 686 1153 erre
698 1100 806 1153 contro
819 1096 1062 1153 institutiones
1073 1103 1198 1168 scopum
1210 1097 1391 1153 animorum
1402 1116 1511 1154 curam
1523 1100 1617 1155 rusci-

430 1192 515 1261 porrn
527 1204 622 1259 quare
635 1187 852 1243 morbonienses
862 1191 983 1241 moneat
993 1190 1026 1240 ut
1038 1187 1192 1242 curionem
1205 1187 1264 1242 sibi
1275 1205 1369 1258 quam
1379 1188 1617 1261 diligentissimo

432 1277 628 1351 provideant.

452 1424 526 1489 Pax
542 1420 685 1489 Christi.

452 1540 517 1607 Per
539 1536 675 1604 diuerse
697 1537 818 1605 lettere
839 1534 874 1601 di
896 1535 941 1605 V.
963 1537 1006 1604 R.
1028 1547 1063 1602 et
1084 1558 1154 1604 una
1172 1548 1188 1576 ⁸
1206 1536 1287 1604 delli
1304 1536 1479 1623 magnifici
1495 1538 1617 1624 agenti

383 1646 473 1723 della
497 1652 671 1721 comunitd
694 1653 706 1686 ⁸
730 1650 797 1741 (alli
819 1651 913 1737 quali
932 1652 962 1717 si
984 1650 1183 1738 rispondera
1204 1654 1289 1719 altra
1310 1652 1417 1738 nolte)
1439 1654 1482 1718 ha
1503 1652 1617 1721 inteso

384 1772 428 1839 N.
448 1773 489 1838 Ρ.
508 1770 572 1837 che
587 1770 620 1835 la
640 1768 766 1837 uscitta
785 1790 848 1835 sua
867 1768 903 1834 di
928 1769 1120 1854 Morbegno
1140 1790 1209 1834 non
1230 1769 1378 1836 sarebbe
1399 1770 1431 1835 al
1454 1781 1617 1855 presente

385 1908 489 1954 senza
513 1883 629 1955 alcuni
644 1882 914 1966 inconuenienti3
929 1895 964 1953 et
975 1884 1101 1971 percio,
1116 1884 1152 1949 in
1164 1895 1262 1951 tanto
1275 1886 1340 1953 che
1351 1886 1439 1953 altra
1450 1905 1532 1952 cosa
1543 1906 1617 1951 non

384 2002 414 2070 si
430 1998 555 2082 scriue,
574 2003 618 2070 V.
637 2004 678 2069 R.
698 2002 825 2069 testera
842 1999 943 2071 costi.
963 2002 1034 2067 Pur
1050 2012 1155 2086 tenga
1171 2011 1267 2068 certo
1282 2001 1347 2067 che
1368 2011 1483 2087 presto
1504 2020 1571 2067 con
1589 2002 1614 2066 l'

383 2116 478 2185 aiuto
498 2116 615 2185 diuino
639 2118 667 2185 si
689 2116 831 2205 pigliard
853 2117 941 2182 altro
966 2116 1154 2201 ispediente
1178 2117 1315 2203 (perche
1338 2117 1371 2182 la
1394 2115 1615 2204 Compagnia

383 2246 499 2301 nostra
516 2235 562 2300 ha
578 2254 657 2301 caro
673 2234 716 2300 de
731 2232 861 2299 seruire
875 2243 911 2299 et
927 2231 1059 2300 aiutare
1074 2232 1123 2318 gli
1139 2231 1310 2318 prossimi‚
1329 2232 1405 2298 anzi
1419 2242 1543 2319 questo
1554 2234 1575 2299 e
1587 2231 1613 2297 il
1642 2290 1646 2295 .

383 2370 487 2437 scopo
502 2350 537 2415 di
553 2362 669 2417 nostro
685 2349 831 2429 istituto,
850 2370 905 2414 rna
917 2368 986 2414 non
999 2369 1064 2413 con
1077 2368 1159 2415 cura
1171 2348 1215 2416 de
1228 2348 1366 2433 anime).
1379 2349 1417 2417 Si
1430 2352 1494 2416 che
1507 2350 1551 2417 V.
1567 2350 1609 2415 R.

383 2466 432 2552 gli
448 2466 569 2533 essorti
586 2489 606 2533 a
622 2468 748 2534 cercar’
766 2465 812 2530 da
827 2485 935 2531 senno
952 2486 999 2530 un
1016 2475 1111 2549 prete
1126 2464 1193 2531 che
1205 2463 1331 2530 habbia
1342 2486 1426 2531 cura
1437 2463 1527 2531 delle
1538 2464 1613 2530 ani-

384 2602 451 2662 me,
469 2581 595 2668 perche
612 2593 731 2647 contra
746 2579 769 2645 il
786 2589 904 2647 nostro
919 2579 1054 2646 istituto
1073 2601 1143 2645 non
1165 2578 1194 2646 si
1215 2580 1285 2666 pud
1305 2590 1401 2646 tanto
1418 2580 1487 2647 alla
1507 2579 1613 2666 lunga

383 2698 581 2784 procedere,
599 2696 733 2765 benene
749 2717 808 2782 per
824 2694 940 2762 alcuni
956 2695 1041 2775 mesi
1057 2696 1167 2783 (como
1183 2693 1214 2761 ci
1228 2694 1423 2762 ricercorno
1435 2694 1459 2760 li
1473 2694 1561 2761 Rmi.
1577 2705 1613 2764 et

383 2811 484 2895 Illmi.
507 2810 669 2879 cardinali
686 2812 775 2879 della
794 2809 1026 2897 inquisitione)
1048 2809 1078 2876 si
1098 2832 1199 2898 possa
1221 2810 1363 2897 pigliare
1386 2811 1432 2879 tal
1453 2821 1608 2880 assunto.

451 2929 528 2995 Non
546 2927 633 2994 altro
648 2949 709 3013 per
730 2938 863 3012 questa,
886 2948 924 2995 se
945 2948 1014 2992 non
1035 2925 1312 2994 raccomandarci
1333 2924 1389 2993 all’
1410 2924 1555 2993 orationi
1577 2925 1612 2993 di

384 3046 428 3113 V.
444 3044 485 3111 R.
504 3054 540 3109 et
556 3046 772 3131 pregarJesu
786 3044 849 3113 X.⁰
864 3042 896 3108 ci
907 3042 1044 3128 insegni
1057 3062 1192 3129 sempre
1203 3052 1238 3111 et
1251 3040 1361 3109 faccia
1373 3039 1538 3129 adimpire
1549 3063 1613 3109 sua

384 3171 484 3227 santa
500 3160 639 3226 volonta
660 3160 683 3224 ³.

450 3274 495 3343 Di
512 3272 619 3341 Roma
640 3276 680 3341 16
695 3274 731 3341 di
746 3276 887 3344 mere.
912 3289 1009 3360 1553.

450 3392 647 3476 Inscriptio.
669 3393 875 3478 Morbegno,
893 3413 914 3458 a
930 3394 1032 3459 Mtro.
1053 3390 1205 3459 Andrea.

434 3618 447 3667 '²
484 3625 644 3680 iterantur
658 3626 817 3695 superiora
830 3626 889 3679 duo
902 3626 993 3681 verbo
1006 3626 1041 3679 in
1054 3641 1108 3683 ms.

382 3759 581 3769 ——-

435 3841 443 3873 ¹
484 3842 528 3895 Ex
541 3840 643 3897 codice
658 3842 778 3910 Καμεὶ.
793 3840 900 3906 11,t01.
919 3843 981 3898 16v.

433 3932 444 3964 ¹
481 3930 601 3985 Praeter
612 3930 829 4002 Galvanellum,
847 3932 899 4004 qui
915 3930 1030 4002 Ignatio
1047 3930 1177 4002 scripsit,
1196 3928 1311 3986 litteras
1329 3938 1392 3985 tum
1409 3929 1447 3985 ad
1466 3930 1612 4002 Ignatium

382 4019 494 4076 turned
507 4019 655 4093 principes
668 4028 854 4093 purpuratos,
868 4037 969 4077 sacrae
986 4020 1055 4075 fidei
1075 4036 1224 4091 censores,
1244 4018 1327 4075 dedit
1343 4028 1465 4075 senatur
1477 4020 1543 4075 sive
1553 4037 1612 4077 res·

367 4108 499 4185 ⁴publicu
513 4108 739 4164 morbeniensis.
755 4110 852 4181 Epiri.
867 4108 993 4174 Mixtoe,
1007 4109 1060 4181 111,
1072 4106 1203 4164 632o38.

435 4200 446 4231 ³
484 4196 559 4252 Vide
573 4197 728 4271 epistolam
743 4206 928 4271 sequentem.
