3567 5409
529 512 634 571 Errs'r.
653 510 810 581 «φᾶσα-42
829 513 944 568 Mnnrii
966 524 1034 583 1554
1139 482 1140 487 ἵ
1312 528 1363 585 517

156 636 252 718 dire,
271 660 308 705 se
324 659 395 705 non
410 639 489 719 che,
508 637 682 707 facendosi
703 639 819 724 quello
839 640 905 705 che
926 639 955 705 si
977 641 1044 725 pub
1065 642 1215 706 secondo
1230 639 1253 705 il
1274 662 1399 710 conse·

156 752 239 839 glio
254 755 299 822 de
314 753 453 837 medici,
470 762 698 841 aspettaremo
714 755 828 839 quello
840 758 905 828 che
922 759 1024 823 uorre'i
1040 756 1111 822 fare
1128 756 1223 823 Iddio
1241 757 1285 824 N.
1313 759 1349 826 S.
1371 760 1395 826 ⁵.

233 870 336 937 Circa
351 870 376 935 il
395 872 433 936 P.
453 873 554 938 Mtro.
572 869 773 937 Hieronimo
790 872 920 938 Ottello
937 871 970 938 la
986 870 1115 938 chariti
1131 883 1246 938 vostra
1259 874 1294 938 n’
1309 875 1398 940 hab-

156 983 220 1051 bia
238 1007 335 1065 cura,
354 997 389 1054 et
405 1007 475 1052 non
492 984 515 1051 li
531 986 612 1052 lassi
629 1006 766 1054 eorrere
778 999 803 1065 ²,
818 987 908 1053 nelle
927 986 1054 1053 fatiche
1070 989 1222 1054 secondo
1239 988 1260 1053 l'
1279 988 1398 1075 impeti

159 1102 209 1169 de
226 1123 290 1167 sua
306 1102 421 1167 buona
436 1101 592 1180 uolunta,
610 1100 689 1167 anzi
703 1096 741 1171 se
757 1101 779 1166 li
797 1102 904 1168 faceia
923 1124 999 1169 usar
1017 1102 1250 1171 moderatione
1271 1104 1306 1170 in
1325 1115 1397 1170 tut-

157 1229 215 1299 to,
234 1239 273 1284 se
286 1217 451 1304 uogliono
467 1217 534 1284 alla
551 1218 655 1304 longa
671 1228 769 1303 poter
785 1217 980 1285 seruirsene
1001 1219 1044 1287 de
1061 1218 1121 1286 lui.

232 1334 359 1419 Quella
379 1335 489 1408 forma
508 1334 564 1400 del
584 1354 754 1401 consenso
775 1354 888 1400 nenne
914 1344 1009 1400 tanto
1032 1334 1131 1414 tardi,
1149 1337 1214 1401 che
1230 1336 1290 1418 li4
1313 1335 1397 1402 mesi

157 1470 272 1517 erano
286 1447 413 1535 passati
431 1448 537 1534 prima
554 1450 621 1515 che
636 1448 780 1515 arriuasi
795 1472 815 1515 a
831 1452 954 1528 Roma,
972 1448 1006 1515 in
1024 1450 1125 1516 modo
1137 1451 1203 1516 che
1216 1472 1286 1516 non
1301 1463 1395 1537 pote·

158 1586 210 1632 ua
226 1575 364 1633 tornare
380 1588 401 1631 a
415 1565 566 1633 Messina
580 1566 702 1631 dentro
719 1564 753 1630 di
765 1567 861 1631 detto
877 1564 1034 1633 termino.
1054 1564 1120 1633 Gii
1143 1566 1186 1633 N.
1207 1568 1246 1632 Ρ·.
1263 1570 1308 1633 ha
1331 1566 1396 1633 sti·

158 1682 284 1766 pulato
301 1682 321 1746 l’
339 1680 568 1749 instrumento
583 1681 639 1749 del
654 1693 837 1760 concens03
856 1702 922 1766 pur
943 1702 1012 1747 non
1033 1682 1100 1748 ela
1122 1702 1204 1747 cosa
1220 1682 1339 1749 scritta
1357 1682 1394 1749 in
1459 1756 1470 1771 ἱ

158 1807 262 1866 netto
288 1818 348 1881 per
375 1796 549 1863 mandaria
576 1817 641 1862 con
670 1807 802 1879 queste.
835 1798 974 1862 Andere
1001 1799 1055 1863 eol
1085 1795 1205 1882 prim0,
1231 1819 1269 1865 se
1297 1796 1393 1865 Iddio

157 1916 278 1979 nona.

229 2029 295 2095 Del
313 2041 436 2113 nepote
451 2030 494 2094 de
516 2030 619 2094 Mtro.
643 2026 819 2093 Giouanni
843 2027 983 2113 Agnolo
1004 2028 1128 2093 manda
1149 2027 1392 2097 informatione

159 2155 262 2211 tanto
276 2165 411 2223 oscura,
434 2146 498 2211 che
519 2145 563 2209 N.
589 2145 629 2207 P.
653 2163 721 2207 non
742 2142 770 2207 si
793 2146 861 2227 pub
883 2142 1077 2211 rissoluere:
1101 2142 1189 2211 auisi
1211 2144 1299 2211 della
1320 2144 1388 2223 etti,

158 2271 308 2338 statura,
326 2280 530 2345 nipparena,
548 2258 673 2338 saniti,
691 2257 857 2344 ingegno,
876 2259 1008 2337 lettere,
1032 2257 1184 2343 giudicio
1207 2270 1241 2325 et
1262 2256 1388 2338 indole,

159 2389 197 2443 et
214 2377 272 2441 all’
290 2379 374 2441 hora
389 2374 417 2441 si
434 2375 632 2460 risponderessi
649 2373 707 2459 pio
723 2374 1010 2441 rissolutamente.

230 2494 333 2577 Degl'
351 2490 529 2576 indisposti
548 2500 616 2556 non
633 2490 759 2557 accade
776 2490 1037 2557 raccomandare
1054 2492 1086 2557 la
1102 2510 1184 2556 cura
1197 2490 1263 2557 alla
1275 2490 1390 2556 chari·

161 2612 198 2674 tri
215 2620 348 2687 uostra,
367 2610 496 2694 perche
512 2607 662 2675 teniarno
680 2618 774 2674 certo
790 2608 812 2670 l'
831 2609 959 2674 haueri
976 2605 1177 2675 sosfieiente.

227 2724 269 2791 Li
284 2723 392 2791 nostri
410 2723 550 2809 albaggi
566 2721 779 2808 ringratiano
794 2722 873 2787 dell'
892 2720 989 2787 auiso
1006 2722 1087 2787 dato
1099 2744 1158 2807 per
1172 2742 1234 2787 sua
1246 2742 1386 2787 conser-

159 2839 316 2908 natione.

227 2956 294 3022 Noi
309 2953 432 3021 stiamo
447 2956 536 3022 bene
552 2954 641 3022 nella
658 2974 737 3021 casa
753 2963 788 3021 et
806 2952 942 3037 collegi.
962 2952 1058 3018 Tutti
1079 2952 1109 3017 ci
1132 2952 1386 3019 raccomandia-

152 3093 216 3137 -rno
227 3083 263 3137 et
274 3071 499 3140 desideriamo
511 3072 626 3137 buone
638 3091 770 3155 pesque
782 3070 838 3135 nel
850 3068 969 3134 diuino
981 3066 1132 3154 seruigio
1145 3069 1209 3135 alle
1223 3067 1295 3136 RR.
1306 3070 1384 3136 VV.

227 3187 286 3256 Sia
302 3188 384 3255 nell'
401 3185 514 3253 anime
530 3198 646 3252 nostre
661 3205 727 3250 con
744 3184 939 3249 abondante
960 3183 1069 3269 gratia
1087 3186 1170 3273 Jesb
1193 3182 1257 3251 X.⁰
1278 3184 1315 3252 S.
1339 3185 1383 3251 N.

226 3305 280 3369 De
296 3305 404 3369 Roma
421 3320 463 3368 22
478 3303 522 3368 de
539 3303 655 3368 Marzo
675 3315 771 3384 1554.

224 3420 422 3504 Inscriptio.
442 3419 474 3485 Α
492 3418 653 3485 Μεεείηι
674 3418 774 3484 Mtr0.
794 3414 969 3483 Annibali.

210 3659 225 3687 ⁸
261 3658 391 3699 (ἰθῐῐθῐθῐ
405 3659 460 3699 mi.

158 3778 203 3784 —-
222 3775 357 3789 -—·-—-o

190 3889 194 3893 Α
209 3852 221 3881 ³
258 3849 411 3905 «Andreas
424 3848 537 3904 Frisius
550 3857 581 3901 et
594 3848 729 3915 Michael,
744 3848 923 3915 Germanus,
934 3855 1087 3919 postquam
1103 3846 1182 3901 varia
1193 3848 1255 3901 loca
1266 3845 1385 3901 Siciliae

155 3940 264 3995 nunna
282 3940 468 4011 probassent,
489 3937 519 3995 in
536 3936 661 4004 ltaliam,
681 3938 771 3991 immo
788 3939 819 3991 in
839 3934 1027 3992 Germaniam
1046 3952 1098 3990 eos
1115 3936 1225 3990 remitti
1243 3935 1384 4007 oportuit,

155 4046 224 4085 nam
242 4028 273 4083 in
292 4030 436 4097 morbum,
454 4044 542 4101 quern
561 4026 703 4081 caducum
725 4034 843 4097 vocant,
864 4025 987 4080 nichae!
1006 4024 1179 4125 inciderat.»
1202 4024 1382 4094 POLANCUS,

158 4118 286 4184 Chron„
301 4118 353 4186 1V,
370 4118 429 4186 196.
