3567 5409
494 505 599 562 Enisr.
618 517 753 575 2124.-1
776 506 952 562 Pmoun
972 518 1041 577 1554
1291 506 1345 576 ηδ

155 659 272 727 uoluto
287 659 421 749 pigliar'
439 683 458 727 a
474 659 609 728 cambio
623 661 646 726 li
668 679 730 728 100
750 660 859 732 Vde]
874 661 937 726 Dr.
956 661 1081 728 Torres
1100 662 1142 742 ³¹,
1166 661 1210 728 ne
1231 661 1280 749 gli
1302 659 1378 728 altri
1401 729 1404 733 ,

153 775 194 842 de
210 777 314 846 Mtro.
336 777 511 844 Bernardo
527 775 696 855 Oliueri0‚
714 776 883 863 sperando
899 778 964 844 che
975 777 1020 844 V.
1035 778 1077 844 R.
1092 778 1243 846 darebbe
1254 775 1378 845 ordine

153 912 247 957 come
265 891 286 958 li
302 892 498 960 hauessimo
513 913 617 960 senza
635 901 731 959 tanto
746 893 900 979 perdere.
920 893 964 959 Et
980 914 1038 960 era
1054 893 1160 960 molto
1176 892 1275 960 facile
1290 890 1378 958 darii

156 1009 301 1096 aquesti
317 1021 405 1078 sette
423 1007 556 1089 fratelli,
575 1011 641 1075 che
661 1005 684 1074 l’
705 1008 892 1076 haueriano
911 1009 978 1075 ben
1001 1018 1123 1094 potuto
1142 1022 1291 1096 portare,
1314 1008 1377 1094 do,-

153 1123 365 1192 mandandoli
388 1147 408 1191 a
432 1127 535 1194 Mtro.
559 1123 662 1210 Luigi
688 1123 830 1192 Risaliti.
855 1106 984 1192 Poiohe
1007 1145 1078 1191 non
1104 1123 1127 1190 li
1155 1127 1201 1192 ha
1228 1125 1376 1207 rimessi,

154 1261 234 1324 pare
250 1241 313 1309 che
328 1252 382 1308 sta
399 1243 442 1310 V.
461 1242 502 1308 R.
522 1251 804 1326 tantooccupato
818 1261 885 1306 con
901 1241 933 1308 le
948 1259 1023 1319 sue,
1041 1241 1107 1306 che
1118 1261 1187 1306 non
1200 1240 1230 1307 si
1242 1240 1377 1309 ricorde

154 1367 272 1442 troppo
286 1357 373 1424 delle
389 1357 560 1426 necessita
582 1368 710 1423 nostre.
734 1355 781 1426 Se
801 1367 917 1443 presto
938 1377 1009 1422 non
1030 1355 1059 1422 si
1080 1355 1162 1424 dari
1183 1356 1296 1423 alcun'
1318 1379 1376 1424 or·

154 1471 232 1538 dine
248 1473 281 1538 di
304 1473 353 1539 far
375 1471 475 1539 uenir
495 1492 563 1556 qua
583 1469 668 1538 detn'
691 1471 824 1552 danari,
848 1493 918 1538 non
937 1493 977 1539 so
996 1492 1094 1538 come
1115 1475 1216 1558 potro
1238 1471 1289 1550 {ar
1312 1475 1378 1541 che

156 1607 222 1652 non
240 1587 263 1654 li
279 1587 358 1675 pigli
376 1609 396 1656 a
413 1588 548 1656 cambio
563 1609 663 1684 sopre
680 1588 723 1654 V.
744 1589 784 1655 R.

221 1704 291 1789 Qui
306 1726 420 1771 uanno
436 1701 496 1770 dui
513 1701 617 1790 plichi
637 1704 680 1770 de
703 1703 823 1772 lettere
842 1704 886 1772 de
907 1705 1011 1770 Mtro.
1035 1703 1247 1772 Alessandro
1268 1705 1374 1770 Fran-

157 1819 281 1899 cesebi,
298 1819 353 1907 gin
370 1821 511 1899 hebre0,
529 1831 564 1886 et
580 1820 702 1886 adesso
719 1818 824 1886 molto
841 1819 935 1885 buon
955 1817 1143 1885 christiano
1163 1830 1198 1885 et
1218 1839 1319 1886 seruo
1339 1820 1375 1885 d'

157 1935 249 2001 Iddio
269 1937 306 2002 Ἰ.
329 1937 382 2004 Va
404 1935 508 2028 etiam
530 1957 599 2001 vno
620 1933 817 2002 memoriale
835 1935 870 2002 di
890 1957 954 2002 sua
974 1955 1087 2000 mano.
1111 1935 1239 2002 Nostro
1265 1934 1377 2002 Padre

157 2053 375 2119 raccomanda
389 2061 627 2122 strettamente
644 2073 662 2118 a
680 2051 723 2117 V.
744 2051 785 2117 R.
804 2054 869 2118 che
884 2049 1083 2138 esseguisca
1099 2051 1196 2118 detto
1216 2071 1281 2116 suo
1303 2071 1375 2116 me·

157 2169 302 2250 moniale,
319 2179 354 2234 et
366 2167 584 2234 raccomandi
599 2168 631 2234 al
647 2167 779 2234 vicerre
794 2165 850 2234 dia
867 2165 1110 2255 loaggiutoe1
1127 2167 1225 2232 fauor
1242 2186 1372 2232 conue-

157 2281 269 2350 niente
283 2307 339 2371 per
361 2285 410 2350 far
432 2284 541 2351 venir'
563 2304 631 2368 qua
652 2283 675 2350 il
697 2283 826 2370 figliolo
846 2282 880 2350 di
902 2284 997 2350 detto
1019 2287 1122 2352 Mtro.
1147 2283 1371 2361 Alessandro·¹

158 2399 179 2463 il
193 2401 270 2486 qual
284 2401 377 2487 potii
395 2400 522 2468 ritener
538 2402 593 2468 nel
617 2399 765 2486 collegio
784 2421 805 2467 ο
826 2416 906 2468 casa
926 2399 961 2466 di
982 2397 1194 2485 probatione,
1218 2397 1252 2464 in
1277 2407 1374 2464 tanto

158 2515 218 2582 che
234 2537 366 2584 occorre
388 2517 481 2582 buon
503 2515 701 2602 passaggi03
723 2527 758 2584 et
778 2515 803 2581 li
829 2529 865 2599 15
889 2531 940 2595 V,
963 2514 1055 2600 quali
1075 2517 1122 2580 ho
1143 2512 1298 2582 riceuuto
1316 2513 1373 2578 dal

159 2653 218 2697 suo
233 2633 343 2717 padre,
361 2633 390 2700 si
407 2632 509 2699 diano
525 2633 557 2699 al
574 2631 715 2718 fig1i0103
734 2642 768 2698 et
785 2632 818 2698 io
835 2631 857 2697 li
875 2631 1020 2718 pigliaro
1033 2630 1067 2696 in
1082 2642 1204 2697 sconto
1217 2628 1251 2694 di
1264 2627 1369 2714 quelli

159 2749 219 2814 che
235 2749 274 2815 V.
293 2751 333 2816 R.
351 2750 442 2818 dene
458 2747 646 2827 mandarci',
664 2759 699 2816 et
714 2747 743 2814 si
761 2748 891 2833 spenda
909 2749 940 2813 la
956 2762 1053 2832 parte
1069 2745 1102 2811 di
1120 2747 1192 2810 loro
1208 2746 1275 2812 che
1294 2743 1370 2809 sari

160 2865 355 2933 necessario.

220 2982 283 3066 Qui
299 3003 414 3050 uanno
430 2983 461 3048 le
477 2980 576 3068 copie
591 2982 635 3049 de
651 2981 787 3048 diuerse
803 2979 929 3058 littere,
948 2980 1108 3046 mandate
1124 3000 1143 3043 a
1163 2996 1203 3059 14
1219 2978 1275 3044 del
1293 2997 1370 3063 pref

160 3109 245 3166 sente
259 3111 292 3164 et
314 3098 364 3166 16.
383 3099 429 3166 Se
446 3097 560 3183 quelle
577 3097 701 3163 furono
718 3097 886 3175 riceuute,
906 3117 973 3162 non
995 3095 1159 3162 accaderi
1182 3093 1244 3160 dar
1265 3094 1298 3159 al
1319 3092 1369 3157 vi-

159 3213 242 3280 ceni
256 3215 287 3280 la
303 3235 379 3280 sua.

219 3329 289 3396 Non
306 3332 405 3416 altro,
424 3350 462 3396 se
479 3351 547 3396 non
564 3331 631 3396 che
650 3329 692 3394 mi
711 3329 941 3395 raccomando
958 3329 1013 3397 all’
1033 3325 1177 3394 orationi
1198 3326 1232 3392 di
1255 3327 1299 3392 V.
1320 3329 1364 3392 R.

218 3447 271 3513 Sia
296 3449 380 3536 Jesn
412 3446 477 3512 X.⁰
505 3445 539 3511 in
568 3444 714 3532 aggiuto
740 3455 774 3510 et
805 3445 902 3510 fauor
930 3457 1047 3510 nostro
1075 3441 1369 3508 continuamente.

165 3561 276 3632 Amen.
558 3567 561 3578 ‘

219 3679 266 3745 De
283 3681 391 3744 Roma
408 3677 517 3765 primo
533 3679 576 3744 de
595 3677 739 3744 Febraio
762 3692 856 3760 1554.

221 3795 410 3880 Inscriptio.
430 3792 561 3862 Sicilia.
581 3795 682 3859 Mtro.
703 3791 908 3860 Hieronimo
923 3795 1135 3858 Donienech.

168 3951 361 3964 *un-..—

198 4045 217 4078 ¹³
250 4048 400 4102 Baithasar
413 4047 587 4101 Turrianus.

198 4135 217 4166 ¹³
250 4139 293 4192 De
306 4134 476 4193 Alexandro
490 4127 666 4192 Fr'anceschi
680 4135 825 4207 hujusque
839 4133 899 4188 filio
912 4135 1028 4202 egimus
1043 4148 1141 4203 supra,
1154 4131 1179 4200 Ι,
1194 4131 1247 4185 268
1261 4139 1292 4185 et
1308 4129 1370 4202 2893

159 4222 204 4292 ΙΙΙ,
217 4224 247 4280 83
259 4237 287 4283 et
299 4227 346 4301 843
359 4237 391 4284 et
404 4228 481 4282 serie
494 4203 608 4298 qii'erta,
624 4226 648 4295 I,
663 4237 714 4294 574
729 4232 758 4278 et
774 4235 836 4292 575.

276 4779 377 4824 Monuit.
393 4777 606 4828 lunen-Emi..
621 4787 677 4818 του.
695 4771 730 4817 Vl
