3567 5409
422 430 475 501 346
796 436 1003 492 Monurrrurn
1023 434 1201 492 lounrmnn

386 609 456 656 non
472 599 641 674 permette
657 590 725 655 che
739 586 767 656 s'
784 588 910 655 habbia
927 608 1010 655 cura
1032 587 1076 655 de
1091 586 1203 657 anime
1219 610 1279 675 per
1295 586 1412 675 obligo
1427 588 1471 655 de
1486 588 1619 659 benefi-

385 703 440 771 cio
460 723 482 769 o
503 703 613 773 simile
639 704 758 784 titulo,
776 715 1003 792 quantunque
1024 702 1075 771 sia
1098 714 1188 771 tutto
1210 702 1366 771 ordinato
1386 704 1429 771 ad
1449 703 1581 773 aiutare
1596 702 1618 771 l'

385 820 498 887 anime
514 821 565 887 fra
581 820 604 885 li
621 819 809 903 christiani,
824 832 859 890 et
870 820 974 888 etiam
992 820 1014 886 li
1028 819 1162 908 gentili,
1176 832 1211 890 et
1227 820 1310 906 ogni
1326 830 1420 887 sorte
1434 821 1480 889 de
1495 819 1617 890 infide·

385 934 421 1016 li,
439 956 540 1003 como
556 933 586 1003 si
604 936 637 1003 ia
657 937 829 1004 seruendo
849 936 884 1002 in
906 946 1029 1022 queste
1049 935 1162 1005 bande
1182 946 1217 1003 et
1233 934 1270 1001 in
1290 936 1403 1021 quelle
1424 936 1576 1005 secondo
1593 934 1616 1001 il

385 1053 515 1121 talento
530 1053 596 1121 che
611 1050 678 1119 Dio
694 1054 738 1120 N.
758 1053 796 1123 S.
811 1052 842 1118 ci
861 1053 1026 1121 concede.
1040 1052 1084 1119 Et
1096 1052 1223 1139 perche
1239 1062 1378 1137 questo,
1392 1054 1458 1120 che
1470 1052 1536 1119 alle
1553 1073 1615 1118 no·

384 1178 436 1234 tre
451 1166 689 1235 constitutioni
704 1178 741 1236 et
755 1167 915 1236 instituto
930 1179 1047 1250 toccu,
1065 1166 1124 1236 noi
1138 1165 1161 1234 l'
1177 1166 1360 1235 habbiamo
1376 1168 1482 1234 molto
1499 1177 1615 1254 tempo

382 1282 616 1365 considerem,
638 1284 894 1371 proponendoci
919 1306 1055 1373 sempre
1078 1282 1218 1353 innanzi
1242 1284 1265 1351 il
1287 1283 1445 1371 maggior
1468 1282 1613 1351 seruitio

381 1399 500 1467 diuino
514 1418 550 1468 et
561 1402 651 1469 bene
667 1399 861 1470 uniuersale
876 1398 955 1470 dell'
968 1400 1094 1482 anime,
1108 1401 1140 1468 le
1155 1401 1244 1471 Srie.
1260 1402 1336 1467 VV.
1352 1398 1386 1466 in
1400 1410 1524 1487 questa
1536 1422 1613 1487 par·

381 1525 415 1585 te
429 1528 598 1603 potranno
615 1515 780 1598 credero,
794 1537 896 1584 como
913 1517 971 1585 noi
986 1540 1006 1585 3
1021 1517 1098 1585 loro
1114 1516 1325 1587 crederiamo
1340 1516 1430 1585 nelle
1446 1537 1528 1584 cose
1539 1517 1611 1585 del·

379 1634 412 1700 la
427 1631 649 1713 communite,
667 1643 702 1700 et
719 1652 797 1699 case
813 1654 889 1715 sue,
908 1635 974 1702 che
990 1632 1013 1699 li
1030 1636 1230 1703 haueranno
1247 1632 1376 1719 meglio
1392 1632 1611 1701 considerate

379 1750 423 1816 de
439 1748 524 1815 noi⁸.

445 1867 525 1932 Don
542 1865 684 1933 Andrea
699 1867 712 1897 ⁸
730 1865 766 1930 lu
783 1866 944 1931 mandato
955 1887 1016 1952 per
1034 1882 1051 1949 5
1069 1886 1091 1932 o
1107 1866 1128 1931 6
1144 1864 1228 1934 mesi
1241 1866 1283 1932 ad
1299 1864 1431 1931 istanza
1446 1862 1483 1929 di
1495 1861 1608 1950 questi

377 1980 507 2066 signori
526 1980 630 2061 limi,
648 1990 684 2049 ct
700 2002 760 2066 per
775 2002 844 2047 non
861 1978 1078 2049 discomodar
1089 1982 1156 2049 alla
1167 1980 1368 2067 improuista
1378 1978 1410 2047 le
1422 1980 1509 2049 Srie.
1525 1979 1604 2047 VV.
1707 2000 1710 2005 ¹

376 2097 399 2162 l'
417 2096 600 2163 habbiamo
616 2095 757 2163 lasciato
769 2096 1019 2183 temporegiare
1034 2094 1135 2164 insin'
1147 2098 1282 2177 adeSSO,
1296 2096 1542 2165 ostendendoci
1554 2116 1606 2163 se-

373 2212 488 2279 condo
504 2212 526 2277 li
543 2210 663 2279 statuti
684 2212 791 2277 nostri
808 2210 866 2297 piu
882 2223 997 2299 presto
1017 2223 1141 2299 troppo
1162 2212 1228 2279 che
1249 2211 1552 2291 mediocramente3
1570 2221 1606 2276 et

373 2327 433 2415 piri
449 2329 515 2395 3113
532 2330 636 2415 longa
651 2349 720 2394 non
737 2326 768 2394 ci
784 2328 819 2393 lo
833 2328 1107 2413 permetterebbe
1129 2328 1228 2395 farlo
1244 2326 1455 2396 conscientia
1471 2337 1601 2395 nostra.

373 2444 412 2514 Si
427 2447 492 2511 che
507 2445 538 2513 le
554 2444 642 2512 Srie.
660 2444 739 2510 VV.
758 2442 793 2509 in
813 2454 937 2527 questa
956 2451 1053 2529 parte
1075 2442 1106 2510 ci
1128 2444 1406 2530 perdonerannO,
1424 2452 1459 2509 et
1475 2462 1602 2529 proue-

372 2560 526 2627 deranno
542 2558 695 2629 secondo
710 2557 734 2625 ii
749 2580 814 2626 suo
830 2557 977 2645 bisogno
993 2580 1053 2645 per
1069 2560 1155 2627 altra
1171 2557 1227 2625 via
1243 2582 1262 2625 a
1278 2561 1311 2627 la
1327 2580 1390 2626 sua
1402 2558 1602 2647 parroechia

371 2676 416 2744 de
431 2675 489 2741 chi
505 2686 610 2762 tenga
624 2675 658 2741 la
674 2694 769 2753 cura,
789 2674 921 2742 benche
939 2675 957 2741 ὲ
973 2674 1017 2741 de
1033 2673 1174 2743 credere
1190 2674 1342 2741 habbino
1358 2674 1525 2760 prouisto.

438 2792 579 2876 Quanto
594 2790 626 2857 al
642 2802 803 2870 maestro,
822 2790 878 2857 nel
893 2811 988 2859 esser
1004 2792 1068 2858 che
1083 2789 1115 2856 ci
1133 2790 1302 2857 trouiamo
1313 2790 1346 2857 ai
1357 2798 1516 2876 presente
1528 2810 1598 2855 non

371 2905 538 2991 potriamo
558 2905 660 2974 etiam
685 2906 737 2972 far
759 2905 955 2992 prouisione
976 2906 1099 2974 alcuna
1120 2904 1360 2975 conueniente.
1384 2906 1448 2973 Col
1467 2916 1596 2991 tempo,

368 3042 438 3088 non
454 3022 675 3108 premendoci
700 3032 795 3088 tanto
814 3021 839 3086 il
860 3021 1007 3109 bisogno
1029 3024 1063 3089 d'
1086 3022 1163 3089 altri
1184 3022 1325 3109 luoghi‚
1338 3020 1398 3097 ‚alli
1422 3020 1514 3106 quali
1535 3042 1598 3107 per

368 3137 477 3203 hauer
492 3135 615 3223 collegi
636 3158 708 3204 non
729 3136 900 3223 possiamo
920 3157 1076 3219 moneor,
1094 3158 1135 3205 ce
1155 3137 1230 3205 seri
1251 3136 1309 3223 piu
1331 3134 1537 3203 commoditi
1554 3134 1598 3201 de

368 3251 420 3318 lar
434 3250 575 3319 seruitio
590 3273 611 3317 a
627 3254 706 3321 VV.
723 3252 826 3333 Srie.‚
845 3268 881 3321 et
897 3251 929 3319 13
947 3253 1091 3320 colunto
1107 3273 1177 3319 non
1193 3273 1235 3321 ce
1252 3251 1436 3318 mancheni
1452 3250 1518 3317 mai
1537 3272 1597 3337 per

366 3367 400 3433 la
415 3365 527 3453 gratia
550 3367 594 3433 de
613 3367 680 3434 Dio
701 3370 745 3435 N.
764 3369 816 3451 S.;
841 3368 944 3454 quale
964 3390 1099 3454 sempre
1120 3389 1237 3435 cresca
1257 3365 1293 3435 in
1318 3366 1398 3434 tutti
1420 3365 1477 3433 noi
1498 3365 1595 3433 accio

366 3481 538 3569 possiamo
550 3502 735 3552 conoscere
748 3495 783 3552 et
796 3482 973 3570 ecseguire
985 3485 1249 3571 perfettamente
1261 3484 1293 3551 la
1305 3482 1424 3550 diuina
1438 3482 1591 3549 uoluntir.

430 3599 484 3665 De
499 3599 607 3665 Roma
624 3616 667 3680 24
682 3598 717 3666 di
735 3599 879 3666 Febraio
900 3616 937 3683 15
942 3617 997 3683 54.

432 3715 628 3799 Inscriptio.
648 3715 852 3803 Morbegno.
871 3716 904 3782 A
921 3716 953 3783 13
970 3714 1198 3784 communiti.

415 3966 427 3998 ⁸
464 3962 540 4018 Vide
553 3962 710 4036 epistolam
723 3975 915 4038 sequentem.

414 4057 426 4087 ⁴
464 4051 599 4108 Andreas
611 4053 816 4114 Galvanellus.
