3567 5409
1313 20 1753 181 -ψ

443 480 498 551 484
822 480 1030 537 Monournra
1051 480 1227 537 lonae-rana

405 635 501 703 licito
518 657 578 722 per
594 656 746 704 cauarne
763 634 869 701 frutto
884 634 921 701 di
937 634 1040 720 quelli
1057 632 1133 701 suoi
1148 633 1279 715 denari,
1299 635 1342 702 V.
1362 636 1406 706 R.
1423 635 1447 701 li
1468 634 1565 723 potri
1584 637 1637 704 dir

405 756 468 820 che
484 752 526 835 sl,
542 754 606 817 hor
622 751 751 837 compti
767 763 897 830 monte,
915 750 1007 819 doue
1023 760 1199 817 restarano
1220 749 1244 816 li
1264 750 1384 819 denari
1404 774 1424 819 a
1446 768 1466 835 7
1490 772 1551 839 per
1577 772 1636 821 roo

404 866 533 935 incirca
544 878 580 936 et
591 868 659 935 ben
672 864 789 946 sicori,
804 870 888 933 hora
903 864 1033 953 compti
1049 864 1169 946 offitio,
1187 866 1278 936 doue
1291 865 1350 952 piri
1362 881 1397 934 et
1410 887 1510 935 meno
1525 868 1635 954 potria

402 960 514 1052 hauet
537 983 664 1050 intrata
691 983 910 1051 secondoche
939 980 1091 1068 pigliassi
1116 981 1213 1049 offitii
1237 984 1304 1050 che
1329 1004 1462 1050 uaeano
1487 1004 1634 1069 persua

401 1111 523 1179 morte,
545 1120 567 1165 o
587 1120 672 1168 uero
691 1098 790 1165 offitii
809 1100 876 1168 che
899 1119 967 1166 non
989 1118 1133 1165 uacano:
1158 1118 1222 1184 pur
1245 1098 1350 1183 quelli
1370 1100 1436 1167 che
1457 1118 1591 1167 uacano
1610 1102 1634 1186 li

400 1218 470 1304 pno
486 1216 638 1285 uendere
654 1236 674 1282 a
689 1234 754 1281 suo
769 1213 913 1301 piacer’,
930 1227 965 1281 et
981 1214 1014 1281 la
1031 1212 1264 1283 uenditionee
1284 1200 1399 1281 ualida
1420 1214 1575 1282 uiuendo
1588 1236 1630 1299 4ο

398 1331 512 1419 giomi
529 1330 631 1416 dopoi
647 1332 712 1399 che
727 1328 804 1397 seri
820 1331 918 1412 satta3
936 1341 972 1398 et
990 1331 1138 1398 essendo
1160 1326 1182 1396 l'
1198 1330 1309 1397 amico
1329 1350 1350 1396 a
1369 1328 1426 1397 chi
1447 1350 1485 1399 se
1508 1332 1631 1399 habbia

398 1448 443 1514 de
459 1448 509 1513 lar
526 1446 652 1533 piacet,
672 1446 748 1513 facil
761 1466 845 1513 cosa
862 1448 939 1515 sera
955 1457 1072 1512 trouar
1089 1468 1136 1513 un
1153 1444 1264 1513 amico
1280 1449 1345 1514 che
1361 1446 1476 1515 cerchi
1492 1446 1516 1513 il
1534 1449 1631 1515 modo

398 1563 442 1631 de
462 1561 715 1630 accomodarlo.
742 1563 786 1629 Et
801 1583 867 1648 pur
884 1563 928 1631 V.
948 1562 989 1629 R.
1013 1561 1099 1630 saria
1118 1562 1207 1631 bene
1227 1564 1271 1630 de
1291 1561 1427 1629 indurlo
1447 1564 1502 1631 all'
1523 1585 1630 1633 esser·

400 1679 485 1758 citii,
503 1690 539 1748 et
555 1681 652 1776 forsa.
664 1681 730 1748 che
748 1681 887 1747 trouera
907 1679 994 1745 altro
1010 1679 1197 1765 guadagno
1216 1678 1375 1766 maggior
1390 1682 1456 1748 che
1474 1701 1497 1747 a
1517 1696 1537 1763 7
1553 1701 1574 1746 o
1592 1698 1627 1749 10

280 1877 284 1887 Ι
396 1817 458 1881 per
477 1814 552 1863 100.

462 1911 508 1980 Se
531 1910 554 1976 li
576 1912 700 1979 scolari
721 1908 842 1998 piccoli
863 1931 934 1977 non
957 1910 1116 1978 arriuano
1139 1910 1205 1978 alla
1231 1910 1371 1992 misura,
1400 1910 1477 1979 sera
1502 1911 1624 1999 meglio

397 2026 471 2093 larii
488 2037 665 2108 trattener,
683 2027 843 2094 hauendo
858 2026 986 2113 special
1000 2046 1084 2093 cura
1099 2026 1133 2092 di
1149 2027 1222 2094 loro
1238 2026 1328 2093 nella
1340 2026 1448 2095 scola.

462 2143 537 2209 Che
553 2144 597 2210 V.
616 2143 658 2210 R.
682 2140 799 2229 uoglia
822 2154 836 2182 ⁸
857 2141 1076 2228 espedirsene
1094 2142 1131 2208 d'
1153 2142 1238 2229 ogni
1259 2142 1417 2229 pensiero
1436 2142 1527 2212 delle
1547 2164 1621 2212 cose

395 2256 584 2344 temporali,
604 2279 673 2325 non
691 2263 760 2345 puo
775 2280 814 2327 se
829 2279 899 2325 non
917 2255 1077 2325 laudarsi.
1096 2258 1134 2324 In
1152 2268 1243 2325 tutto
1265 2256 1373 2325 faccia
1395 2278 1496 2327 come
1516 2258 1582 2326 Dio
1599 2260 1620 2323 l’
1744 2346 1746 2355 Ι

394 2371 573 2459 inspirata.
1472 2448 1475 2455 ¹

460 2489 539 2557 Non
554 2491 653 2570 altro,
677 2510 715 2557 se
736 2510 804 2558 non
827 2491 893 2557 che
914 2488 969 2557 all'
991 2489 1135 2557 orationi
1158 2489 1201 2559 de
1224 2490 1304 2557 tutti
1326 2492 1431 2559 molto
1452 2490 1484 2557 ci
1509 2510 1619 2558 raeco

394 2604 601 2673 mandiamo.

459 2722 515 2790 De
528 2723 635 2789 Roma
654 2740 692 2805 17
709 2722 753 2792 de
770 2724 889 2789 Marzo
911 2738 1008 2807 1554.

459 2838 658 2924 Inscriptio.
678 2840 711 2904 Α
729 2838 881 2905 Padoua.
902 2841 1002 2907 Mtro.
1020 2840 1088 2906 don
1107 2838 1254 2907 Battista
1266 2839 1400 2907 Tauon.

459 2955 504 3021 V.
525 2955 565 3021 R.
584 2953 616 3021 ei
633 2954 751 3021 mandi
768 2974 836 3021 con
855 2956 890 3021 la
910 2955 1019 3041 prima
1037 2954 1209 3023 comodita
1229 2955 1334 3041 quelli
1354 2956 1433 3023 libri
1454 2956 1566 3024 laenati
1584 2954 1614 3021 in

392 3070 535 3138 Padoua
550 3090 611 3155 per
626 3068 650 3135 il
667 3070 709 3139 P.
726 3070 788 3137 Dr.
807 3070 932 3151 Olane,
952 3070 1043 3156 quali
1060 3070 1249 3140 sarebbeno
1269 3090 1338 3157 qua
1359 3070 1418 3159 pin
1439 3068 1612 3141 necessarii

391 3188 456 3253 che
471 3187 516 3268 1513
535 3196 570 3253 et
585 3185 701 3252 sinon
718 3185 810 3268 tutti,
829 3187 965 3255 almeno
980 3186 1085 3273 quelli
1099 3187 1144 3253 de
1159 3185 1345 3274 theologia3
1364 3198 1400 3255 et
1423 3209 1484 3274 per
1504 3186 1557 3253 via
1575 3186 1613 3253 de

391 3300 560 3370 mulatieri
583 3304 659 3369 sara
676 3300 774 3369 facile
789 3300 967 3383 mandarli,
987 3302 1143 3370 vedendo
1158 3301 1202 3369 de
1218 3302 1390 3370 acordarsi
1405 3324 1466 3390 per
1482 3324 1528 3370 vn
1542 3323 1611 3390 pre·

394 3415 441 3483 tio
458 3419 617 3487 honesto.

459 3534 656 3621 Inscriptio.
675 3533 828 3601 Padoua.
845 3532 1027 3601 Poscritta.

954 3705 1061 3785 4277

760 3826 960 3895 PETRO
996 3827 1254 3895 BRITONI

814 3953 904 3997 noua
921 3955 952 4011 ¹7
965 3954 1075 3997 unam
1090 3954 1159 4012 ¹554
1173 3942 1193 3997 ¹.

611 4064 657 4120 Da
670 4066 790 4121 ratione
803 4067 987 4122 emendandi
999 4068 1099 4123 thema
1111 4068 1173 4123 siva
1190 4068 1398 4142 scriptionem.

457 4209 530 4276 Pax
546 4206 690 4275 Christi.
979 4300 986 4325 Ι

454 4322 665 4391 Charissimo
680 4323 716 4391 in
728 4326 811 4413 Jesh
828 4324 893 4392 X.⁰
911 4326 1043 4395 fratello
1057 4328 1159 4396 Mtro.
1178 4328 1304 4397 Pietro.

442 4531 456 4559 ι
492 4513 592 4585 uoglio
609 4532 666 4572 ma.

440 4701 450 4735 ¹
487 4700 532 4755 Ex
544 4700 648 4757 codiee
661 4702 781 4775 Rogare.
797 4700 839 4766 ΙΙ,
852 4700 906 4761 iol.
921 4714 982 4770 72r.
