3567 5409
521 510 625 569 Enrsr.
644 508 800 578 moa—28
818 510 946 565 Annus
961 522 1028 580 1554
1307 512 1361 581 ⁶43

165 686 236 731 non
251 685 315 731 son
329 666 375 731 da
389 664 530 732 credere
546 674 635 731 tutte
647 664 681 733 le
693 682 785 743 cose,
798 667 864 731 che
875 662 905 729 si
917 662 1051 731 dicono.
1068 664 1134 733 Per
1147 667 1282 732 cautela
1297 686 1396 753 mag-

167 779 265 867 giore
279 801 317 847 se
332 779 380 866 gli
398 778 562 847 mandera
577 779 692 864 quello
707 777 821 846 acriue
838 780 881 847 V.
908 780 948 847 R.

234 898 289 965 De
304 895 362 983 pid
379 918 418 964 se
432 895 481 981 gli
496 896 635 975 scrisse,
652 916 754 981 sopra
769 896 825 962 del
840 911 905 961 suo
922 894 1040 964 uenire
1061 918 1082 961 a
1099 898 1220 979 Roma,
1239 898 1398 965 andando

168 1034 189 1077 a
201 1012 339 1079 Melano
354 1011 377 1075 il
393 1011 514 1097 signer
529 1010 704 1079 Giouanni
721 1010 764 1076 de
780 1011 880 1097 Vega
896 1030 960 1076 con
977 1012 1010 1079 le
1026 1012 1145 1099 galere
1166 1012 1270 1079 insin'
1287 1035 1309 1079 a
1323 1014 1397 1082 Ge-

169 1149 273 1207 noua,
291 1130 357 1195 che
371 1126 407 1193 in
423 1137 545 1211 questo
562 1128 694 1195 facesse
708 1148 729 1192 a
744 1148 809 1193 sua
820 1124 1010 1207 diuotione,
1024 1146 1091 1194 con
1104 1128 1242 1197 licentia
1254 1128 1289 1194 di
1302 1129 1398 1195 detto
1417 1174 1419 1178 -

168 1243 434 1333 signorJoanne
449 1242 484 1309 di
506 1244 618 1329 Vega.
641 1244 684 1309 Et
708 1253 838 1328 quanto
859 1243 892 1309 al
913 1264 1031 1311 menar
1051 1265 1132 1311 seco
1155 1248 1212 1313 un’
1235 1246 1323 1313 altro
1342 1268 1399 1312 sa·

169 1360 322 1439 cerdote,
339 1358 376 1425 in
397 1358 453 1425 cio
467 1359 620 1425 anchora
638 1357 771 1425 facesse
785 1359 936 1425 secondo
952 1362 1050 1445 parrd
1066 1382 1085 1426 a
1100 1361 1196 1427 detto
1213 1361 1332 1447 signor
1348 1360 1399 1426 vi·

171 1476 264 1544 cere.
289 1477 332 1541 Et
348 1486 478 1560 quanto
494 1472 585 1539 achi
601 1472 630 1540 si
646 1472 843 1541 douerebbe
858 1474 981 1541 lasciar
997 1474 1044 1541 iui
1068 1476 1103 1543 in
1119 1498 1183 1543 suo
1199 1477 1317 1563 luogo,
1334 1478 1400 1544 che

172 1591 325 1659 auisasse
339 1589 395 1657 chi
410 1589 460 1677 gli
475 1610 615 1674 paresse
629 1598 715 1668 atto,
734 1600 801 1655 etc.

241 1706 265 1771 1
263 1707 439 1793 rescriptio.
469 1706 536 1771 Per
562 1702 586 1769 il
614 1704 800 1771 medesimo
822 1701 874 1793 [P.
906 1709 1009 1777 Mtro.
1043 1706 1242 1774 Hieronimo
1274 1711 1402 1777 Dome-

174 1823 293 1907 nech].

740 2013 850 2093 44⁰2

334 2145 476 2211 PATRI
494 2147 670 2233 JOANNI
694 2145 989 2215 PELLETARIO
1015 2146 1077 2211 EX
1100 2145 1253 2213 COMM.

579 2250 668 2327 edua
688 2272 723 2327 28
741 2284 864 2327 armus
886 2281 955 2339 1554
975 2272 995 2329 ¹.

215 2413 296 2467 Male
309 2417 378 2468 octo
395 2430 465 2469 cum
477 2415 621 2470 Adriano
638 2412 1041 2486 reprehenduntur.-Jubd
1058 2398 1182 2482 foetum
1202 2414 1374 2483 emendare,

465 2504 570 2575 illique
584 2506 690 2560 omnia
703 2505 845 2561 caritatis
857 2502 957 2575 officia
968 2502 1122 2574 praebere.

247 2664 292 2731 Di
308 2686 377 2751 qua
391 2669 420 2731 s’
437 2667 458 2732 ὁ
474 2666 586 2732 inteso
600 2669 666 2735 che
681 2668 704 2734 il
724 2670 763 2735 P.
780 2670 881 2736 Mtro.
901 2666 1056 2733 Adriano
1074 2666 1085 2699 ⁸
1104 2666 1122 2733 ὲ
1139 2675 1229 2732 stato
1246 2666 1279 2732 in
1304 2666 1411 2735 Vine-

181 2780 253 2867 gia,
271 2791 307 2847 et
323 2782 402 2861 che,
419 2802 481 2867 per
496 2802 566 2849 non
582 2784 709 2851 hauere
724 2784 845 2851 lettere
859 2782 894 2849 di
913 2784 956 2849 V.
976 2783 1033 2864 R„
1049 2804 1117 2850 non
1132 2783 1153 2847 l’
1167 2784 1284 2849 hanno
1295 2794 1411 2852 accet-

183 2908 256 2965 tato
277 2898 334 2963 nel
354 2896 512 2983 collegio,
534 2909 569 2963 et
589 2899 790 2965 finalmente
811 2902 875 2966 che
897 2897 926 2963 si
950 2900 970 2965 ὁ
997 2898 1187 2965 rimandato
1208 2898 1243 2964 in
1270 2900 1413 2967 Ferrara
1520 2912 1524 2929 ¹

183 3034 317 3097 sempre
332 3034 398 3079 con
415 3014 447 3079 la
463 3014 570 3081 febre.
590 3014 724 3099 Questa
739 3034 822 3080 cosa
836 3013 868 3080 ci
884 3016 930 3081 ha
945 3015 1027 3080 dato
1043 3012 1078 3079 di
1094 3012 1214 3099 quadi
1232 3035 1300 3081 una
1317 3027 1414 3099 parte

184 3130 316 3216 grande
339 3128 574 3208 admiratione,
592 3130 674 3195 dall'
691 3130 776 3196 altra
792 3151 862 3196 non
880 3150 966 3214 poco
980 3130 1102 3197 dolore
1122 3142 1157 3197 et
1178 3129 1414 3217 compassione

183 3244 220 3311 di
234 3246 330 3311 detto
346 3246 470 3312 Padre:
489 3244 703 3324 miratione,
723 3267 783 3330 per
799 3245 942 3313 haberlo
963 3247 1127 3311 mandato
1148 3246 1180 3311 fa
1197 3247 1238 3312 R.
1259 3246 1303 3312 V.
1322 3246 1412 3332 dopo

184 3362 218 3428 la
233 3360 433 3430 risolutione
455 3360 541 3427 fatta
564 3361 600 3426 di
619 3371 749 3429 restare
770 3372 805 3429 et
826 3381 973 3447 prouere
993 3361 1017 3427 li
1037 3360 1157 3447 bagni,
1183 3371 1219 3427 et
1239 3361 1415 3430 mandarlo

185 3478 274 3557 solo,
297 3476 456 3557 infermo,
473 3476 622 3545 essendo
639 3470 797 3556 infer'm03
815 3488 850 3544 et
866 3477 1042 3542 mandarlo
1061 3497 1165 3544 senza
1186 3498 1255 3543 una
1279 3477 1413 3557 lettera;

185 3604 221 3660 et
236 3593 413 3660 mandatio
427 3602 524 3659 tanto
539 3591 640 3670 tardi,
658 3594 723 3658 che
738 3591 796 3677 gia
813 3590 841 3658 si
858 3612 965 3659 erano
981 3590 1097 3677 partiti
1113 3591 1137 3657 li
1153 3590 1339 3678 compagni
1355 3612 1416 3677 per

186 3708 343 3776 Fiandra.
360 3710 405 3775 Et
419 3707 449 3775 si
465 3708 553 3775 bene
572 3707 620 3773 lui
637 3708 719 3774 fossi
743 3707 765 3772 il
788 3706 845 3791 pin
866 3708 911 3774 da
933 3727 1024 3791 poco
1045 3707 1221 3793 supposito
1241 3709 1306 3773 che
1328 3707 1418 3774 fosse

186 3824 277 3891 nella
291 3823 518 3911 compagum,
537 3844 664 3908 pareua
678 3822 832 3889 crudeltd
850 3843 930 3889 usar
942 3822 989 3889 tal
1005 3823 1107 3889 modo
1121 3844 1187 3891 con
1206 3822 1267 3901 lui,
1282 3834 1317 3891 et
1329 3822 1417 3889 mol-

189 3953 225 4009 to
249 3939 310 4026 pin
327 3940 474 4012 essendo
494 3948 591 4006 tanto
609 3939 827 4024 essemplare
851 3939 968 4004 buono
987 3949 1023 4007 et
1042 3938 1151 4018 dotto,
1175 3948 1211 4007 et
1231 3948 1346 4005 amato
1374 3916 1419 4004 da

190 4056 234 4124 N.
255 4058 295 4123 P.
314 4053 354 4125 Si
370 4057 437 4121 che
453 4076 522 4123 non
537 4053 711 4141 sappiamo
727 4056 792 4120 che
806 4052 892 4120 dirci
906 4054 997 4121 della
1013 4055 1057 4123 R.
1075 4055 1135 4135 V.,
1153 4055 1196 4120 nd
1213 4053 1247 4119 di
1264 4055 1344 4139 quel
1357 4074 1418 4139 po·

193 4176 264 4241 uer'
282 4172 413 4238 huorno
428 4172 493 4236 che
508 4190 578 4236 non
594 4170 617 4234 1’
632 4170 752 4236 acceto
763 4168 798 4235 in
812 4168 970 4239 Venetia.
986 4170 1085 4237 Della
1097 4168 1335 4256 compassione
1347 4191 1419 4237 non

189 4288 318 4355 accade
334 4286 477 4354 rendere
492 4286 578 4352 altra
593 4306 709 4366 causa,
735 4283 902 4371 poichesi
925 4285 1011 4353 uede
1033 4287 1056 4350 l’
1079 4286 1192 4353 affano
1213 4306 1278 4352 suo
1294 4284 1329 4351 in
1353 4286 1421 4354 tale

190 4401 363 4469 infermitd
378 4411 415 4467 et
428 4400 644 4468 inhumanita
661 4399 821 4488 usatagli.

248 4649 256 4680 ¹
293 4646 338 4701 Ex
356 4645 458 4701 codiee
474 4644 591 4717 Regem.
605 4643 648 4712 11,
662 4642 714 4704 fol.
727 4643 788 4713 9⁶1.

246 4736 258 4769 ¹
295 4735 443 4791 Adrianus
456 4732 622 4791 Candidus.
