3567 5409
601 488 706 545 Eum.
724 488 942 558 4247.-Auu0
964 500 1033 559 1554
1340 485 1394 559 443

175 639 348 727 Chypre,
373 653 451 709 otro
471 664 514 711 en
533 641 832 728 ConstantinopIe,
855 644 988 729 pamel
1010 642 1057 709 fin
1079 664 1148 729 que
1168 640 1247 709 dixe
1270 644 1294 709 ⁷.
1322 642 1428 730 Plega

174 758 291 825 dx?
309 760 354 825 N.
373 759 409 828 S.
427 778 486 825 sea
501 779 583 844 para
599 760 726 825 mucho
740 758 891 829 seruicio
911 781 934 844 y
954 760 1120 827 alabanza
1135 780 1222 845 suya
1243 780 1265 845 y
1287 758 1366 828 bien
1383 758 1428 825 de

173 894 245 939 sus
264 885 330 941 tan
345 874 485 942 amadas
500 874 644 943 finimas.
663 878 789 943 Arnen.

251 990 316 1057 No
330 1002 420 1070 otro,
437 989 514 1057 sino
529 1011 597 1076 que
613 1012 657 1059 en
674 992 723 1057 las
740 989 919 1059 oraciones
932 992 975 1057 de
989 991 1033 1057 V.
1051 992 1090 1059 R.
1107 993 1208 1059 todos
1221 992 1348 1057 mucho
1365 1012 1427 1057 nos

174 1106 495 1175 encomendamos

253 1224 315 1290 De
332 1224 441 1290 Roma
457 1224 478 1289 8
493 1224 538 1293 de
555 1226 671 1292 Marzo
692 1239 788 1309 1554.
812 1293 815 1302 ,

256 1339 460 1423 Inscriptio.
479 1340 673 1405 Commune
688 1360 771 1425 para
788 1339 798 1402 l
814 1334 901 1427 [sic].

595 1518 1025 1710 SUMMO4i’ogNTlF1CI

496 1768 584 1812 noun
601 1768 741 1812 rncsnro
758 1768 910 1811 sunnone
924 1768 1085 1826 nnn11554
1102 1760 1120 1814 ¹.

227 1888 424 1959 Suppliciter
435 1889 571 1958 postulo!
583 1892 626 1953 ut,
640 1906 708 1943 cum
721 1888 865 1943 stationes
878 1888 962 1943 urbis
974 1905 1123 1944 romonae
1136 1888 1297 1953 obsumur,
1315 1889 1379 1945 viri

569 1996 589 2031 a
596 1975 730 2049 feminis
740 1977 878 2048 separari
889 1976 1042 2033 incedant.

772 2123 847 2264 Jris.

260 2300 450 2375 Beatisimo
469 2310 590 2378 Padre.

257 2426 310 2491 La
326 2445 460 2491 summa
475 2424 661 2492 deuotione
676 2437 710 2491 et
728 2424 839 2491 nnita
854 2424 1042 2512 spirituale,
1062 2424 1240 2511 maggiore
1256 2424 1291 2491 di
1308 2426 1423 2512 quello

180 2542 254 2606 che
270 2540 299 2607 si
318 2540 428 2627 potria
443 2540 528 2622 dire,
547 2542 604 2608 ch'
621 2542 641 2607 ἑ
656 2540 794 2627 seguita
809 2542 891 2610 nell’
909 2540 1029 2607 vltimo
1041 2540 1194 2627 giubileo
1205 2561 1272 2607 con
1286 2541 1318 2607 la
1331 2562 1423 2608 noua

181 2667 221 2721 et
237 2666 361 2723 sancta
377 2655 592 2726 ordinatione
607 2658 675 2724 che
691 2659 736 2722 ha
751 2658 838 2723 fatto
854 2656 898 2723 V.
919 2658 975 2737 B„
993 2656 1026 2723 d'
1045 2656 1172 2725 andare
1188 2656 1232 2723 da
1248 2677 1308 2742 per
1329 2658 1366 2724 sd
1389 2658 1422 2723 le

179 2773 305 2840 donne
320 2784 334 2813 ⁸
349 2783 385 2839 et
400 2774 444 2839 da
461 2794 521 2859 per
535 2772 573 2839 sd
590 2772 638 2859 gii
656 2772 812 2839 huomini
828 2796 848 2840 a
863 2772 981 2841 chiese
996 2772 1171 2851 distincte,
1196 2774 1242 2839 ha
1260 2783 1382 2858 aperto
1398 2772 1422 2838 li

182 2888 288 2955 occhi
305 2898 341 2957 et
356 2911 471 2956 mosso
486 2889 508 2954 il
524 2888 695 2956 desiderio
710 2910 730 2954 a
746 2886 842 2955 molti
857 2887 966 2954 buoni
981 2903 1015 2955 et
1032 2888 1135 2956 zelosi
1151 2888 1206 2955 del
1219 2888 1339 2957 diuino
1352 2910 1422 2957 ser·

182 3002 289 3079 uitio,
307 3006 352 3071 de
367 3004 561 3092 supplicare
576 3026 597 3071 a
613 3006 657 3070 V.
676 3006 714 3073 S.
732 3003 762 3070 si
777 3002 888 3090 degni·
900 3005 955 3070 nel
973 3024 1036 3070 suo
1056 3003 1258 3090 pontificato
1278 3002 1420 3071 lanciare

183 3130 311 3203 questa
326 3130 426 3187 santa
444 3141 572 3187 vsanza
594 3131 876 3207 perpetuamente
897 3118 1066 3199 ordinata,
1088 3119 1178 3187 della
1199 3116 1422 3193 distinctione

183 3258 247 3319 per
259 3245 352 3301 tutto
363 3235 386 3300 l'
403 3256 495 3303 anno
510 3237 598 3303 delle
614 3236 752 3302 stationi
767 3236 810 3302 de
825 3235 980 3302 huomini
996 3246 1031 3302 et
1043 3218 1171 3317 donne,
1186 3233 1282 3303 accio
1295 3245 1419 3319 questo

184 3352 331 3417 thesoro
345 3351 533 3437 spirituale,
551 3354 617 3419 che
633 3355 664 3418 la
680 3352 763 3421 sede
778 3352 966 3438 apostolica
983 3362 1079 3418 tanto
1092 3351 1328 3421 liberalmente
1340 3370 1420 3416 con·

181 3466 272 3535 cede
293 3464 328 3531 in
349 3479 471 3551 questa
491 3466 588 3546 cittd,
612 3489 683 3533 non
703 3467 754 3532 sia
775 3468 899 3533 rubato
920 3466 987 3531 dei'
1010 3464 1150 3533 inimico
1164 3465 1208 3534 de
1225 3466 1248 3529 l’
1267 3466 1421 3530 humana

183 3592 324 3661 natura,
341 3584 407 3650 che
420 3584 518 3651 suole
535 3582 615 3649 nelli
632 3583 735 3669 tempi
750 3592 785 3649 et
801 3582 897 3669 loghi
912 3582 1014 3661 santi,
1032 3581 1122 3649 doue
1143 3580 1171 3647 si
1193 3580 1346 3648 concede
1365 3601 1420 3648 re·

182 3696 351 3765 missione
365 3696 444 3766 delli
461 3698 592 3784 peccati
608 3698 766 3781 comessi,
784 3718 926 3765 causare
947 3696 1022 3763 altri
1042 3694 1284 3765 innumerabili
1307 3716 1370 3781 per
1388 3695 1420 3761 la

182 3813 367 3881 occasione
383 3814 417 3879 d‘
437 3813 556 3881 andar'
574 3812 717 3882 insieme
733 3814 755 3879 l'
774 3812 929 3879 huomini
946 3826 980 3882 et
996 3814 1124 3881 donne.

253 3928 478 4015 Supplicamo
493 3931 654 4014 adunque
670 3928 895 3997 humilmente
911 3950 932 3995 a
949 3930 992 3997 V.
1011 3930 1048 3997 S.
1068 3928 1097 3994 si
1113 3926 1221 4013 degni
1237 3940 1419 3994 commete-

182 4066 222 4113 re
238 4046 271 4111 al
286 4066 352 4111 suo
368 4046 508 4121 vicario.
526 4068 548 4111 o
563 4068 583 4111 a
598 4045 655 4113 chi
671 4044 799 4132 meglio
814 4044 984 4131 liparem,
999 4043 1094 4111 accio
1108 4045 1194 4111 veda
1206 4045 1250 4113 de
1262 4063 1416 4128 compar·

183 4158 251 4228 tire
265 4161 296 4227 le
312 4160 450 4228 stationi
466 4161 638 4230 ordinarie
650 4161 685 4227 in
703 4163 749 4227 tal
767 4162 880 4242 modo,
898 4164 963 4228 che
980 4162 1015 4227 in
1027 4158 1155 4227 diuersi
1168 4157 1280 4246 giorni
1294 4157 1317 4223 li
1330 4160 1416 4224 huo-

236 4352 250 4381 ·
285 4339 476 4410 saepiam.
491 4337 579 4397 done.

238 4504 250 4533 ³
287 4500 430 4557 Videntur
445 4500 627 4567 Pounncus,
642 4498 766 4564 chron„
780 4500 832 4571 lv,
848 4496 1017 4558 13021131.

238 4641 245 4672 ¹
283 4638 328 4691 Ex
346 4636 525 4692 adversariis
543 4637 734 4708 autographis
755 4636 788 4692 P.
810 4636 928 4693 Polanci
947 4637 977 4691 in
996 4634 1099 4691 codice
1119 4634 1262 4690 instruct.
1282 4633 1336 4700 1,1
1354 4630 1404 4689 iol.

181 4744 213 4785 n.
226 4724 291 4785 238.
