3567 5409
533 512 637 567 Errsr.
656 510 808 581 4358.-rr
832 515 959 569 Aratus
981 526 1049 583 1554
1317 526 1369 581 595

172 662 281 730 carita
297 676 425 746 vostra,
444 666 569 751 perche
585 677 674 733 tutta
690 666 736 731 mi
753 688 834 753 pare
846 678 971 753 poteua
984 667 1135 747 uederla,
1150 668 1248 733 fuora
1260 666 1296 731 d'
1310 666 1405 731 alcu-

173 800 219 846 ne
235 780 351 865 parole
367 780 400 845 d'
418 780 535 849 esserli
552 782 726 862 colateral,
744 792 827 862 etc.,
848 782 940 868 quali
959 784 1006 848 ho
1023 784 1225 850 cancelatte.

243 896 388 981 Quanto
412 894 460 962 lui
488 897 647 962 ordinari
673 898 759 966 fatte
782 899 1027 985 allegramente
1052 896 1142 963 circa
1163 898 1196 965 la
1219 896 1408 967 mutatione

174 1023 293 1077 uostra
309 1012 421 1098 (quale
437 1010 468 1077 ci
486 1034 566 1098 pare
583 1013 682 1099 bene)
700 1035 760 1099 per
777 1035 823 1079 un
840 1016 985 1100 luogho,
1009 1036 1030 1079 o
1051 1036 1112 1100 per
1135 1014 1234 1081 altro.
1261 1012 1407 1081 Potretti

175 1148 299 1195 ancora
316 1128 373 1194 uoi
388 1128 540 1197 scriuere
555 1128 580 1195 il
597 1140 715 1196 uostro
732 1152 844 1215 parer,
862 1132 892 1197 s'
910 1132 995 1196 altra
1011 1152 1092 1197 cosa
1109 1129 1145 1195 ui
1163 1150 1314 1198 occorre.
1337 1131 1409 1195 Pur

175 1265 245 1310 non
259 1246 420 1312 mancare
435 1246 479 1312 de
491 1245 593 1325 dirui,
612 1249 676 1313 che
692 1246 722 1313 si
737 1247 756 1315 ὲ
773 1258 916 1333 pensato
930 1246 1120 1313 chiamarui
1132 1268 1152 1313 a
1166 1248 1286 1325 Roma,
1302 1266 1339 1313 se
1351 1245 1409 1311 uoi

175 1372 293 1427 avrete
309 1372 324 1400 ⁸
340 1360 561 1429 inclinatione
573 1363 629 1428 alli
641 1362 746 1428 studii
758 1363 803 1431 de
815 1362 958 1430 scientie
971 1361 1151 1448 superiori,
1167 1354 1303 1448 passato
1314 1363 1409 1447 qual·

176 1478 244 1545 che
260 1497 347 1561 poco
358 1476 394 1542 di
410 1488 540 1563 tempo,
554 1488 589 1543 et
606 1478 806 1545 trouandosi
824 1478 881 1544 chi
899 1499 999 1564 possa
1015 1476 1028 1518 δ
1045 1478 1096 1543 far
1108 1498 1211 1545 senza
1225 1477 1284 1544 noi
1296 1475 1318 1542 l'
1332 1478 1409 1543 uffi-

177 1591 226 1658 tio
242 1594 306 1658 che
322 1594 420 1674 fatte,
438 1612 536 1660 come
552 1592 722 1679 sper-lamo
737 1594 766 1661 si
784 1594 934 1661 trouerai.

244 1710 310 1776 Del
325 1708 528 1788 sacerdotio,
544 1724 578 1776 et
594 1708 761 1795 predicar,
776 1722 858 1792 etc,
877 1714 996 1797 pareri
1008 1730 1088 1776 cosa
1101 1711 1168 1778 ben
1183 1711 1278 1791 fatta3
1294 1722 1327 1777 et
1342 1721 1410 1775 tro-

179 1824 330 1889 uandoui
342 1825 466 1891 alcuna
482 1824 680 1908 deuotione,
694 1826 770 1892 sarai
786 1828 874 1893 bene
886 1826 915 1893 si
932 1827 1039 1893 faccia
1051 1827 1073 1890 l'
1089 1848 1159 1894 uno
1171 1838 1204 1893 et
1221 1826 1244 1891 l'
1262 1826 1362 1893 altr0.

245 1940 323 2007 Alie
338 1940 485 2006 orationi
502 1950 620 2008 uostre
637 1941 744 2007 molto
760 1941 790 2007 ci
808 1942 1116 2009 raccomandiamO.

247 2054 291 2121 Di
309 2058 416 2123 Roma
437 2075 474 2123 11
493 2056 528 2121 di
545 2056 664 2143 Aprile
685 2073 784 2142 1554.

247 2174 443 2257 Inscriptio.
464 2177 497 2241 A
514 2174 674 2242 Modena.
696 2175 838 2242 Andrea
856 2174 1136 2261 Buonainsegna.

495 2460 635 2526 PATRI
665 2338 887 2528 ΡΗΙῖῗΡΞξΟ
913 2462 1099 2528 LEERNO

527 2585 533 2594 ·
591 2588 680 2630 noim
702 2586 731 2629 11
753 2588 875 2631 neurus
897 2588 965 2645 1554
985 2577 1005 2635 ¹.

180 2700 218 2755 In
234 2700 396 2755 Pelletorii
407 2700 541 2755 arbitrio
553 2702 702 2772 relinquit
717 2701 866 2755 Learnum
880 2702 1001 2756 Mutina
1013 2702 1277 2772 discedere-Qui
1289 2700 1414 2756 adreci·

236 2792 365 2845 randum
385 2790 528 2845 divinum
545 2788 678 2863 officium
692 2794 845 2855 tenantur,
859 2791 884 2845 ii
897 2793 962 2847 sine
978 2791 1131 2863 pontificis
1144 2791 1268 2847 licentia
1280 2788 1414 2863 officium

238 2896 349 2933 novum
361 2884 419 2951 pro
431 2884 529 2935 vetere
541 2879 672 2934 recitare
686 2884 845 2952 nequeunt.

254 3025 324 3091 Pax
341 3022 400 3091 Χ.ἰ

251 3139 463 3207 Charissimo
479 3138 514 3205 in
526 3142 611 3227 Jesu
628 3138 692 3207 X.⁰
711 3142 751 3205 Ρ.
770 3143 871 3206 Mtro.
892 3139 1062 3225 Philippo,

253 3258 319 3324 Per
334 3266 456 3339 questa
473 3256 681 3341 respondero
697 3278 717 3321 a
734 3276 803 3321 una
816 3255 860 3322 de
878 3274 897 3339 3
915 3256 968 3321 del
987 3264 1158 3340 presente,
1176 3255 1219 3322 de
1237 3256 1279 3321 V.
1303 3256 1340 3321 li.

252 3372 296 3436 Et
311 3381 441 3455 quanto
457 3372 512 3435 all'
531 3366 637 3438 andar
653 3372 751 3436 fuora
766 3370 801 3435 di
819 3370 978 3447 Modena,
997 3369 1031 3435 di
1053 3391 1171 3435 nuouo
1188 3368 1216 3435 si
1233 3369 1368 3438 rimette
1384 3371 1417 3438 al

186 3490 227 3556 P.
248 3486 428 3554 Pelletario
443 3498 564 3571 questa
580 3508 673 3567 cosa;
693 3508 747 3552 ma
763 3508 801 3553 se
817 3486 839 3551 li
856 3486 978 3571 puotrd
996 3485 1217 3553 liberamento
1229 3484 1303 3553 dire
1319 3487 1417 3571 quel-

185 3603 220 3669 lo
235 3605 300 3669 che
315 3623 468 3682 occorre,
486 3603 685 3670 finalmente
702 3602 936 3671 rimettendosi
953 3624 973 3667 a
990 3602 1050 3671 lui.

252 3720 307 3785 De
323 3719 439 3805 quello
454 3718 484 3784 si
507 3718 677 3785 comincio
698 3741 717 3783 a
735 3728 855 3783 trattar
869 3738 935 3783 con
952 3719 989 3785 S.
1009 3718 1049 3783 E.
1069 3720 1080 3749 '
1098 3718 1301 3803 aspertiamo
1322 3718 1419 3783 aniso

187 3834 242 3901 del
259 3854 433 3901 successo.

254 3949 383 4034 Quelli,
401 3950 468 4015 che
484 3969 569 4014 sono
584 3941 727 4034 obligati
749 3970 768 4012 a
784 3947 837 4037 dir
860 3948 883 4011 l'
904 3946 1011 4014 offitio
1030 3968 1088 4032 per
1111 3946 1232 4013 ordine
1248 3968 1269 4013 o
1287 3947 1418 4015 benefi-

190 4065 250 4145 tio,
268 4088 336 4131 non
361 4066 394 4130 lo
415 4064 528 4130 deono
548 4064 621 4129 dire
643 4062 666 4128 il
686 4084 780 4129 nouo
802 4065 934 4130 ’senza
958 4062 1093 4131 licentia
1116 4062 1172 4129 del
1196 4083 1295 4147 papa,
1318 4062 1420 4145 quale

240 4251 254 4277 ι
290 4233 425 4289 hauereti
438 4251 493 4289 ms.
532 4235 583 4276 -b
602 4249 689 4304 posse
703 4250 759 4290 ms.

245 4388 254 4421 ¹
293 4390 336 4443 Ex
348 4388 452 4443 codice
466 4388 585 4460 Regest.
604 4386 645 4449 II,
659 4384 711 4441 iol.
725 4384 791 4453 θην,

242 4482 254 4512 ’
293 4478 437 4534 Hercules
450 4476 596 4545 Estenaia
613 4476 664 4547 qni
682 4474 778 4529 socios
796 4476 958 4544 Argentam
979 4475 1097 4527 mittere
1111 4480 1265 4530 statuerat.
1279 4470 1422 4526 Videatur

191 4566 375 4635 Pomona,
391 4565 515 4630 caron„
531 4565 583 4634 1V,
597 4564 643 4633 85.

244 4658 256 4689 ⁸
292 4654 431 4713 Officium
445 4655 561 4711 scilicet
572 4653 718 4723 divinum,
729 4670 745 4707 a
755 4652 897 4706 cardinali
911 4650 1067 4706 Francisco
1080 4650 1262 4722 Qoignonio,
1276 4648 1315 4714 O.
1329 4648 1361 4708 S.
1376 4650 1429 4718 F.,·

190 4746 409 4802 concinnatum.
1369 4758 1370 4763 ¹
