3567 5409
763 413 970 468 Monuussrs
993 411 1174 468 lunanum

357 617 359 624 ,
928 566 1030 648 4131..

376 700 380 706 ·
424 719 427 728 ·
452 735 454 738 -
536 701 675 767 enum
701 695 924 767 PHILIPPO
946 696 1134 766 nesano
1156 699 1219 766 ax
1239 697 1393 765 consu.

356 816 360 854 ἲ
666 822 669 828 ’
741 821 866 916 nouat
884 832 1055 878 areaunan
1076 833 1144 892 1554
1159 821 1180 879 ¹.

355 955 485 1016 Litteras
497 959 646 1030 adipsum
656 960 746 1032 dotas
755 961 981 1015 commemorat.
993 955 1065 1012 -De
1074 953 1342 1011 collaterali-De
1354 956 1453 1010 sacris
1462 952 1603 1010 aedibus

404 1049 446 1104 nd
462 1051 614 1103 sociorum
632 1047 806 1104 ministerio
822 1046 1134 1118 corriperemus-Do
1150 1044 1347 1118 consessionis
1359 1049 1388 1100 et
1400 1046 1602 1100 communio·

399 1133 529 1202 ‚missuri
552 1155 589 1192 oc
606 1132 1001 1210 maeonia-Exercitus
1021 1134 1203 1208 spiritualia
1226 1141 1413 1207 magnopore
1437 1149 1602 1214 commert-

402 1227 535 1286 dantur.

422 1363 494 1428 Pax
511 1360 654 1428 Christi.

418 1479 498 1548 Non
515 1475 699 1544 habbiamo
714 1478 835 1546 lettere
851 1478 895 1546 de
910 1478 954 1544 V.
973 1477 1016 1544 R.
1033 1477 1090 1546 del
1107 1476 1253 1544 sabbato
1269 1485 1419 1561 passato.

419 1593 485 1662 Noi
496 1593 714 1664 scriuessimo
731 1609 768 1676 15
781 1593 817 1661 di
830 1613 941 1660 sonno
953 1591 1147 1663 mandando
1159 1590 1183 1660 il
1196 1589 1388 1660 Directorio
1400 1590 1486 1658 delli
1499 1611 1598 1657 con·

351 1709 471 1778 sessori
486 1711 512 1788 ¹,
531 1708 750 1796 etsogliamo
765 1709 917 1778 seriuere
932 1729 994 1794 per
1006 1706 1064 1774 uia
1079 1707 1169 1776 della
1185 1719 1295 1803 posta,
1310 1717 1345 1777 et
1361 1725 1432 1772 non
1444 1705 1511 1793 piu
1530 1727 1598 1791 per

351 1824 406 1894 via
417 1825 460 1894 de
474 1826 641 1911 Bologna'.
660 1825 698 1894 Si
714 1825 840 1892 mando
854 1823 957 1892 etiam
975 1801 1055 1910 nuel
1071 1821 1191 1890 scritto
1207 1845 1230 1890 o
1244 1820 1380 1890 ricordo
1395 1821 1489 1891 delle
1506 1841 1597 1888 cose

350 1942 414 2020 che
425 1941 607 2008 doueuano
622 1940 829 2020 obseruarsi,
848 1951 883 2008 et
898 1940 922 2004 l'
940 1939 1047 2009 offitio
1062 1939 1106 2006 de
1123 1940 1163 2006 V.
1182 1939 1223 2008 R.
1240 1959 1341 2007 uerso
1357 1938 1382 2004 il
1398 1959 1463 2005 suo
1475 1939 1593 2004 colla·

351 2059 455 2126 terale
473 2058 573 2124 Mtro.
592 2055 729 2124 Giouan
747 2057 905 2126 Lorenzo
921 2057 946 2137 ³,
968 2069 1002 2122 et
1018 2057 1130 2122 anche
1151 2053 1172 2120 l'
1190 2055 1298 2122 offitio
1318 2056 1362 2124 de
1383 2055 1591 2122 collaterale

274 2173 276 2176 ’
352 2193 452 2240 uerso
467 2173 491 2237 il
504 2184 648 2252 rectore,
662 2171 757 2239 accio
769 2173 837 2240 che
848 2171 872 2236 il
884 2173 980 2238 detto
996 2174 1033 2237 Ρ.
1050 2173 1152 2238 Mtro.
1168 2170 1306 2239 Giouan
1320 2171 1478 2238 Lorenzo
1495 2172 1590 2238 neda

350 2307 449 2358 come
465 2286 494 2354 si
510 2289 556 2358 ha
576 2307 595 2352 a
612 2307 805 2372 gouemare
820 2307 884 2354 con
903 2279 947 2353 V.
967 2287 1023 2364 R..
1041 2286 1290 2373 aggiutandola
1305 2286 1340 2352 in
1358 2296 1448 2352 tutto
1464 2287 1590 2372 quello

349 2403 414 2470 che
427 2403 538 2488 potra,
552 2423 650 2470 come
662 2402 787 2489 angelo
798 2403 842 2472 de
856 2420 939 2488 pace
951 2401 1001 2468 fra
1014 2401 1037 2468 li
1053 2401 1131 2468 altri
1143 2402 1250 2476 nostri
1266 2417 1301 2470 et
1318 2403 1362 2469 V.
1379 2404 1435 2482 R.;
1449 2413 1486 2469 et
1504 2403 1588 2468 vni·

350 2519 577 2590 uersalmente
593 2516 628 2592 in
644 2517 727 2604 ogni
740 2538 820 2584 cosa
835 2517 864 2584 si
876 2518 966 2586 dene
982 2518 1122 2585 sforzar'
1135 2518 1170 2584 d'
1185 2517 1372 2604 aggiutar'.
1388 2519 1431 2584 Et
1448 2520 1586 2586 ueden-

350 2633 395 2700 do
410 2633 455 2700 N.
482 2633 521 2698 P.
545 2644 674 2718 quanto
690 2634 778 2702 bene
797 2633 923 2701 habbia
939 2632 1058 2700 scritto
1079 2633 1124 2704 V.
1143 2635 1184 2700 R.
1201 2633 1247 2701 de
1269 2632 1317 2702 lui
1333 2635 1360 2714 ⁴,
1382 2633 1406 2700 li
1429 2635 1476 2700 ha
1499 2635 1589 2701 dato

350 2759 472 2834 questo
488 2749 601 2815 carico
612 2761 639 2831 ⁸,
657 2749 758 2834 quale
769 2751 841 2818 sole
856 2749 947 2816 darsi
963 2771 983 2815 a
996 2770 1141 2836 persona
1157 2751 1200 2818 de
1211 2751 1344 2836 grande
1360 2750 1583 2841 confidenza.

417 2861 527 2930 Etiam
544 2866 591 2931 ho
606 2863 725 2931 scritto
741 2863 770 2932 si
793 2865 900 2932 usassi
916 2863 1096 2951 diligentia
1112 2887 1171 2951 per
1187 2868 1296 2932 hauer
1310 2864 1440 2945 chiesa,
1458 2865 1586 2932 dicen-

349 2979 393 3045 do
409 2978 436 3046 si
453 2992 580 3065 poteua
595 2983 757 3047 accettar'
772 3001 831 3067 per
847 2991 950 3047 conto
966 2981 1047 3048 dell’
1060 2980 1202 3066 obbligo
1218 2982 1251 3048 la
1268 2981 1426 3067 cappella
1441 2980 1486 3049 de
1502 3003 1586 3048 san·
1703 2999 1707 3004 ’

349 3105 384 3161 to
401 3095 566 3174 Antonio,
584 3097 684 3181 quale
701 3109 822 3183 reputo
838 3097 983 3166 sarebbe
997 3096 1056 3183 pin
1073 3107 1189 3184 presto
1203 3091 1248 3163 da
1264 3096 1421 3183 pigliare,
1434 3099 1500 3164 che
1517 3119 1585 3162 an-

349 3211 410 3276 dar
425 3231 445 3277 a
461 3223 560 3280 santo
577 3203 791 3280 Bernardino
808 3214 820 3247 ³
837 3233 858 3279 o
876 3212 943 3279 alle
959 3211 1152 3282 conuertite
1171 3233 1231 3298 per
1246 3213 1278 3279 la
1294 3211 1530 3299 predicatione
1547 3224 1585 3279 et

348 3306 579 3395 confessione.

414 3443 526 3509 Etiam
548 3447 592 3510 ho
609 3443 729 3510 scritto
750 3445 815 3512 che
836 3443 869 3510 di
894 3465 962 3528 qua
984 3442 1012 3510 si
1034 3454 1157 3530 reputa
1172 3445 1279 3510 molto
1296 3443 1530 3512 conueniente
1546 3457 1585 3510 et

400 3620 415 3647 a
450 3603 564 3658 catrico
578 3622 635 3660 ms.

356 3703 562 3715 ..—

399 3747 406 3780 ¹
446 3748 489 3802 Ex
502 3747 605 3804 codice
620 3749 739 3821 aegest..
750 3751 794 3816 ΙΙ,
805 3749 857 3808 iol.
871 3749 917 3820 46.
930 3749 1108 3820 Paragraphi
1119 3749 1159 3805 de
1169 3759 1422 3805 sacramentorum
1432 3767 1489 3804 usn
1502 3749 1585 3805 etde

345 3836 495 3894 exercitiis
517 3837 722 3920 spiritualibus
744 3845 863 3895 exstant
881 3839 913 3894 in
933 3838 1006 3895 Cori.
1026 3839 1146 3896 Monac.
1167 3840 1209 3904 ll,
1234 3839 1285 3898 iol.
1312 3837 1375 3909 13v‚
1399 3848 1430 3892 et
1451 3840 1483 3893 in
1507 3837 1582 3898 Cod.

350 3927 436 3986 Rom.
459 3927 508 3986 VI.

395 4018 406 4050 ²
444 4017 489 4072 De
503 4018 558 4071 hnc
572 4033 672 4088 opere,
686 4015 764 4090 quod
779 4017 925 4073 Polancus
938 4018 1140 4086 concinnavit,
1158 4035 1248 4089 supra
1260 4019 1388 4088 egimus.

395 4107 406 4138 ³
443 4107 574 4177 Joannes
589 4106 766 4162 Laurentius
781 4105 947 4164 Patarinus.
963 4107 1148 4178 Potentem,
1165 4100 1291 4172 Chrori„
1306 4107 1359 4174 IV,
1372 4120 1419 4176 92.

396 4197 407 4228 ⁴
447 4195 543 4264 Epist.
558 4195 684 4260 Mixtus,
699 4195 752 4266 ΙΙΙ,
768 4195 821 4265 687
834 4205 865 4250 et
878 4195 943 4250 688.

396 4287 406 4318 ⁵
444 4287 539 4340 Locus
554 4285 609 4340 Sti.
623 4283 796 4341 Bernardini
809 4293 945 4341 retentus
958 4295 1017 4355 est,
1027 4287 1114 4341 novis
1128 4287 1289 4340 exstructis
1299 4283 1456 4344 cubiculis:
1467 4285 1583 4340 etenim

343 4373 485 4446 medicus,
510 4374 560 4447 qui
574 4375 701 4446 jubente
715 4375 832 4446 Ignatio
848 4377 1003 4432 consultus
1023 4385 1080 4446 est,
1093 4385 1253 4432 censuerat
1270 4375 1486 4430 habitationem
1499 4375 1581 4430 illam

341 4465 488 4520 salubrem
504 4462 576 4531 tore,
589 4464 614 4519 si
626 4464 746 4535 quidem
759 4465 897 4521 cubicula
909 4465 1147 4538 aedificarentur3
1161 4467 1235 4520 haec
1248 4482 1320 4520 vero
1332 4462 1493 4520 Societatis
1506 4465 1579 4520 ami·

338 4569 392 4609 cus
406 4553 545 4624 expensis
559 4555 620 4610 suis
634 4556 791 4612 exstruxit.
808 4556 990 4624 PonaNCUS,
1009 4556 1134 4620 Cicron„
1153 4555 1206 4622 IV,
1226 4553 1272 4623 93.
1287 4554 1347 4610 Sed
1361 4573 1396 4610 ea
1409 4553 1582 4612 declinante

339 4643 400 4715 jam
413 4657 491 4698 anno
504 4642 591 4702 lacta.
