3567 5409
527 516 632 571 Eersr.
652 516 844 584 4at5ble.-15
864 517 1016 585 Junuisrr
1038 526 1106 584 1554
1357 512 1411 583 ³99

206 687 279 729 mee
293 679 386 742 esset,
400 670 527 745 leuique
539 665 641 744 pretio
650 671 691 728 ab
707 669 852 728 omnihus
866 670 967 728 coemi
982 680 1099 744 posset,
1110 668 1184 728 inde
1199 686 1324 743 nanque
1338 676 1446 729 nostro

206 776 327 837 indicio
340 785 406 836 tum
419 776 575 848 catholici,
588 786 653 835 tam
672 777 777 834 clerici
791 794 887 851 quam
902 777 980 847 laici,
992 793 1101 835 uerum
1113 794 1271 835 sacrarum
1290 776 1445 835 literarum

206 900 249 944 ac
262 884 461 943 orthodoxae
474 884 634 962 religionis
649 892 772 942 nostrae
792 900 918 941 sensum
933 890 966 941 et
984 883 1175 942 intellectum
1190 884 1314 942 haurire
1329 884 1446 942 animo-

208 1008 276 1066 que
290 994 351 1049 alte
365 991 495 1069 infigere
509 998 667 1065 potemnt,
680 997 748 1048 tum
769 990 812 1048 illi
827 989 930 1061 etiam,
945 990 998 1064 qui
1012 991 1072 1049 iam
1086 990 1207 1049 seducti
1221 997 1303 1063 sunt,
1318 990 1349 1048 in
1366 989 1447 1049 viam

207 1107 330 1157 rectam
344 1106 376 1157 et
389 1098 430 1157 ad
444 1098 547 1157 sinum
560 1105 686 1156 sanctae
702 1099 808 1156 matris
821 1114 968 1157 romanae
982 1098 1134 1156 ecclesiae
1150 1098 1346 1157 reducentur.

272 1206 406 1265 Proinde
425 1205 631 1264 deliberatum
651 1204 742 1263 nobis
761 1214 828 1262 erat
846 1206 927 1263 hanc
951 1204 1203 1279 compilationem
1222 1206 1379 1264 nonnullis
1393 1206 1447 1263 do·

209 1312 364 1384 etoribus,
383 1313 428 1371 tui
448 1312 567 1371 ordinis
581 1311 736 1383 iratribus,
750 1312 782 1370 in
800 1313 858 1370 hac
877 1312 1039 1371 academia
1057 1320 1162 1371 nostre
1182 1312 1345 1371 viennensi
1364 1313 1449 1371 exsi-

209 1420 381 1491 stentibus,
395 1419 586 1478 demandare
601 1428 635 1477 et
650 1417 871 1493 perficiendam
893 1420 1064 1493 imponere.
1084 1417 1147 1478 Sed
1166 1421 1374 1497 cognouimus
1394 1437 1449 1478 eos

211 1529 247 1585 in
261 1528 356 1586 vinea
370 1527 497 1586 Domini
511 1534 596 1585 tanta
610 1527 785 1599 sedulitate,
800 1527 875 1585 alias
889 1526 1101 1603 praelegendo
1116 1537 1148 1585 et
1162 1528 1318 1601 docendo,
1333 1538 1395 1587 tam
1416 1528 1449 1587 in

210 1635 329 1693 scholis
343 1652 437 1709 quam
451 1635 482 1693 in
502 1642 652 1712 suggestu
676 1632 826 1704 laborare,
844 1633 931 1707 quod
955 1642 1043 1692 tanto
1067 1635 1155 1709 operi
1175 1634 1295 1710 absque
1321 1634 1448 1709 dispen-

212 1743 268 1801 dio
293 1752 327 1801 et
343 1742 567 1816 discipulorum
590 1758 726 1810 snorum,
751 1749 783 1798 et
802 1727 963 1799 ¹christiani
982 1742 1095 1819 gregis,
1113 1759 1225 1801 uacare
1250 1758 1449 1817 nequaquam

173 1834 177 1837 ’
213 1849 348 1923 possint.
860 1851 864 1859 '

277 1956 435 2032 Quoniam
455 1965 560 2015 autem
580 1956 672 2013 nobis
692 1971 755 2013 non
775 1963 826 2014 est
842 1954 973 2015 dubium
991 1964 1022 2014 te
1041 1956 1132 2027 isthic
1151 1956 1268 2015 Romae
1291 1956 1451 2016 abundare

213 2064 407 2123 doctissimis
419 2064 538 2127 ordinis
548 2064 592 2121 tui
607 2063 691 2134 viris,
702 2062 817 2136 quibus
831 2071 895 2120 tam
910 2062 995 2138 pium
1005 2070 1038 2121 et
1051 2063 1261 2121 necessarium
1272 2081 1352 2138 opus
1365 2072 1451 2123 recte

214 2172 400 2229 demandari
415 2171 522 2245 possit,
536 2178 568 2228 et
582 2169 697 2244 quibus
711 2169 803 2227 etiarn
825 2169 895 2243 plus
909 2170 1059 2244 temporis
1073 2170 1113 2228 ad
1132 2170 1366 2244 suscipiendum
1381 2188 1450 2247 per·

214 2278 448 2353 ficiendnmqne
460 2276 536 2336 illud
551 2284 707 2351 suppetat;
719 2277 865 2351 adeoque
880 2276 973 2335 nobis
984 2293 1166 2350 persuasum
1181 2284 1229 2336 est
1240 2284 1271 2335 te
1286 2277 1450 2337 nobishoc
1477 2328 1486 2353 ,

217 2386 401 2462 petentibus
414 2385 540 2444 minime
560 2383 796 2461 denegamrum,
810 2360 927 2442 idcirco
942 2382 999 2442 abs
1018 2392 1050 2441 te
1064 2385 1234 2443 clementer
1248 2386 1339 2443 etiam
1356 2394 1451 2460 atque

216 2496 314 2555 etiam
327 2494 475 2568 petimus,
492 2499 526 2550 ut
543 2508 607 2549 non
625 2499 688 2549 tam
704 2500 809 2550 nostra
827 2508 931 2561 causa,
947 2509 1038 2564 quam
1053 2492 1146 2550 etiam
1162 2510 1218 2564 pro
1233 2494 1397 2551 commodo
1422 2500 1453 2551 et

216 2604 319 2661 salute
332 2598 571 2668 christianitatis
586 2599 687 2657 doctis
701 2598 856 2673 aliquibus
866 2598 941 2657 viris
951 2598 1069 2657 ordinis
1082 2601 1136 2671 tui,
1148 2605 1251 2657 tecum
1265 2600 1383 2659 Romae
1395 2580 1453 2659 ex-

216 2709 410 2777 sistentibus,
428 2708 489 2765 tale
507 2707 727 2780 compendium
752 2707 931 2783 theologiae
953 2707 1127 2765 aedendum
1149 2709 1333 2779 committas
1359 2709 1453 2782 idque

215 2817 395 2877 absolutum
410 2816 449 2873 ad
460 2832 518 2873 nos
531 2814 727 2872 transmittas.
741 2810 925 2872 Curabimus
939 2814 1020 2871 enim
1036 2814 1111 2872 illud
1122 2815 1223 2899 statim
1239 2814 1290 2873 hic
1301 2816 1383 2889 typis
1397 2834 1454 2874 ex·

215 2924 301 2995 cudi,
315 2930 349 2981 et
361 2940 425 2981 non
435 2923 530 2979 modo
545 2922 577 2978 in
593 2922 650 2978 hac
662 2920 825 2979 viennensi
841 2922 1000 2979 academia
1016 2930 1120 2979 nostra
1130 2920 1256 2995 publice
1271 2922 1332 2999 legi
1347 2940 1382 2980 ac
1397 2924 1454 2981 do-

216 3032 292 3102 ceri,
303 3048 411 3089 verum
424 3028 516 3087 etiam
531 3044 588 3101 per
599 3045 694 3105 regna
708 3035 741 3084 et
752 3036 891 3085 caeteras
906 3028 1077 3101 prouintias
1089 3036 1210 3085 nostras
1225 3028 1388 3101 publicari,
1399 3031 1454 3087 do·

217 3138 294 3209 ceri,
308 3145 341 3195 et
355 3143 518 3210 quatenus,
540 3134 646 3193 di'nina
665 3135 763 3213 gratia
777 3134 937 3211 largiente,
957 3134 1081 3193 efficere
1095 3136 1276 3208 poterimus,
1290 3136 1456 3213 diligenter

217 3244 392 3315 obseruari;
406 3243 589 3317 praesertim
602 3260 678 3300 uero
693 3260 819 3317 operam
831 3240 976 3299 dabimus
987 3250 1020 3300 ut
1031 3243 1082 3300 illo
1096 3242 1250 3316 parrochl,
1262 3244 1454 3319 aliarumque

217 3351 422 3411 ecclesiarum
436 3358 583 3420 rectores,
599 3350 630 3406 in
646 3350 816 3424 prouinciis
829 3350 943 3407 nostris
958 3357 1092 3408 utantur.

281 3456 448 3519 Caeterum
466 3465 510 3527 tn,
531 3466 563 3515 et
583 3457 634 3526 illi,
656 3456 710 3531 qui
730 3457 790 3515 hoc
811 3456 916 3530 operis
936 3458 1137 3531 susceperint,
1161 3477 1224 3517 non
1246 3461 1341 3516 modo
1366 3458 1456 3517 nobis

219 3566 298 3639 ipsis
313 3583 379 3624 rem
392 3572 510 3642 gratam
525 3563 653 3633 iacietis,
668 3563 884 3622 verumetiam
899 3564 940 3621 de
955 3563 1118 3637 prouintiis
1133 3566 1256 3636 nostris,
1277 3565 1372 3623 immo
1388 3565 1455 3622 vni-

221 3690 313 3731 uersa
332 3672 490 3747 republica
510 3670 675 3729 christiana
689 3672 804 3744 optime
824 3671 924 3728 meriti
940 3671 1034 3742 eritis;
1050 3670 1199 3746 Deosque
1216 3670 1290 3745 Opt.
1307 3670 1402 3743 Max,
1417 3672 1457 3730 de

220 3782 311 3854 cnjus
325 3780 423 3858 gloria
437 3778 487 3837 hic
501 3778 695 3852 potissimum
710 3778 820 3855 agitur,
837 3795 892 3852 per
911 3778 1093 3837 immensam
1108 3777 1281 3837 bonitatem
1298 3797 1386 3838 suam
1401 3797 1458 3854 pro

222 3890 296 3959 hoc,
308 3886 463 3962 quicquid
477 3887 615 3944 futurum
629 3894 686 3957 est,
705 3884 829 3957 laboris,
844 3887 1032 3963 condignam
1047 3888 1237 3958 mercedem,
1255 3886 1459 3945 immarcessi-

222 3996 318 4054 bilem
333 3994 452 4053 scilicet
469 4010 617 4052 coronam
637 3992 668 4050 in
688 3992 791 4052 futuro
812 3994 938 4052 saeculo
957 3993 1013 4052 tibi
1028 4002 1060 4053 et
1079 3994 1138 4052 illis
1157 3994 1317 4053 retribuet.
1338 3993 1385 4053 Ac
1401 4011 1459 4053 nos

224 4102 284 4176 ipsi
299 4102 377 4160 tanti
392 4100 536 4159 beneficii
561 4116 716 4159 memores
730 4101 854 4171 erimus,
879 4100 1019 4174 illudque
1041 4118 1116 4179 erga
1135 4109 1166 4159 te
1185 4110 1218 4159 et
1238 4117 1355 4160 sacram
1377 4103 1459 4161 illam

224 4218 310 4269 tuam
334 4208 522 4267 Societatem
547 4207 646 4282 gratia
670 4213 702 4264 et
726 4205 911 4264 liberalitate
938 4215 1043 4266 nostra
1064 4209 1150 4283 regia
1175 4208 1345 4267 clementer
1371 4226 1459 4267 reco-

225 4332 425 4393 gnoscemus.

260 4444 264 4450 ·
284 4423 401 4481 Datum
415 4422 447 4479 in
461 4420 589 4479 ciuitate
603 4429 710 4479 nostra
728 4420 859 4490 Vienna,
874 4420 926 4477 die
941 4420 1000 4478 XV
1015 4422 1131 4479 mensis
1147 4422 1292 4495 Januarii,
1306 4440 1388 4481 anno
1403 4422 1461 4481 do-

226 4532 302 4591 miui
319 4528 504 4599 MDL1111.⁰‚
523 4545 690 4605 regnorum
713 4535 898 4598 nostrorum,
916 4530 1037 4586 romani
1056 4528 1214 4602 XXllll.⁰‚
1233 4530 1364 4588 aliorum
1384 4547 1462 4588 uero

227 4636 407 4697 XXVlll.⁰.

389 4744 628 4803 anrununus.
