3567 5409
450 538 555 603 714·
683 610 686 618 Ι
822 536 1036 589 Mosr'usura
1055 536 1239 591 lcunrrsaa

410 688 516 771 mejor
536 710 603 773 que
625 686 776 773 pudiere;
798 710 821 774 y
842 709 911 754 aun
936 708 1004 772 que
1027 688 1155 756 hiziese
1178 686 1368 773 profession
1393 687 1513 772 publica
1530 690 1602 754 seria

412 825 494 889 muy
511 804 603 883 bien,
620 804 649 870 si
665 804 697 869 el
713 824 751 871 se
767 804 911 889 dispone
928 810 948 869 a
964 804 1030 869 ello
1047 805 1072 869 ⁵.
1555 806 1560 823 '

477 920 516 984 El
534 920 683 986 cardinal
699 920 742 985 de
759 921 792 984 la
808 922 929 987 Cueua
941 942 995 987 me
1007 925 1136 985 mostrti
1149 931 1240 987 estos
1251 920 1324 985 dias
1338 941 1408 984 una
1420 919 1494 987 letra
1504 917 1603 986 dedan

411 1034 606 1119 Henrrique
624 1036 713 1104 dela
731 1036 852 1103 Cueua
869 1038 893 1114 ⁴,
913 1036 1024 1102 donde
1043 1037 1075 1101 el
1087 1048 1220 1122 notaua
1236 1047 1306 1103 tres
1321 1056 1433 1120 cosas,
1445 1058 1467 1121 y
1477 1037 1546 1101 nole
1557 1032 1605 1097 lal—
1725 1015 1727 1061 ¹

468 1285 479 1317 ὅ
517 1284 661 1338 Rumores
675 1284 713 1337 de
728 1283 852 1353 Borgiae
866 1283 1060 1351 cardinalatu,
1075 1284 1202 1338 maxime
1216 1301 1286 1337 vero
1304 1284 1382 1355 quod
1401 1284 1427 1338 is
1440 1284 1543 1338 delatam
1555 1297 1607 1353 pur·

415 1391 517 1445 puram
531 1374 712 1441 admitteret,
727 1375 920 1429 vehementer
932 1374 970 1428 ad
987 1374 1118 1445 speciem
1136 1376 1242 1427 saltem
1255 1390 1393 1428 romanos
1411 1374 1607 1428 socioscomrno

416 1472 530 1519 verant.
548 1464 666 1517 Praeter
679 1465 732 1517 has
746 1464 865 1517 Polanci
879 1462 1004 1533 litteras,
1019 1463 1092 1517 alias
1104 1479 1222 1534 quoque
1232 1460 1521 1517 Ribadeneiraeidem
1531 1456 1606 1515 Natali

414 1550 507 1626 dedit,
522 1569 597 1622 quae
611 1551 697 1622 liujus
711 1552 839 1606 animum
858 1553 1037 1623 impulerunt
1056 1562 1088 1605 ut
1105 1552 1248 1605 acerrime
1266 1550 1392 1621 Bargiae
1409 1551 1608 1621 Caesaraugusta

415 1640 558 1695 scriberet
573 1654 605 1709 17
619 1641 700 1710 Junii
715 1653 794 1709 1554.
810 1640 965 1712 Epistulae
978 1643 1009 1699 P.
1029 1641 1209 1711 Hieronymi
1219 1641 1333 1706 Natini,
1346 1640 1370 1711 Ι,
1381 1643 1445 1709 265.
1459 1643 1523 1711 Jam,
1534 1654 1607 1694 ramo

414 1748 473 1797 τες,
485 1730 534 1801 qui
545 1729 582 1785 de
592 1730 745 1785 admissae
759 1730 865 1801 Borgia
878 1730 1060 1784 cardinalitia
1074 1730 1220 1799 dignitate
1233 1737 1303 1801 (que
1316 1731 1344 1784 el
1358 1739 1471 1785 accetta
1480 1728 1608 1800 elcapella}

415 1819 707 1887 circumferebantur,
722 1818 789 1873 falsi
799 1819 859 1889 jam
874 1820 987 1891 pridem
1000 1821 1086 1874 nobis
1099 1819 1157 1873 visi
1170 1828 1249 1873 sunt.
1263 1818 1311 1877 Cf.
1326 1820 1508 1889 Epistulae...
1520 1816 1609 1880 :Varial

417 1912 473 1964 loc.
488 1910 552 1979 cit,
566 1920 666 1965 annot.
690 1922 713 1967 1.
732 1910 796 1964 Nec
814 1919 860 1964 est
877 1928 930 1965 cur
948 1910 1126 1965 sententiam
1140 1918 1303 1980 mutemus3
1323 1910 1473 1964 nonenim
1489 1911 1609 1979 hucusque

415 1998 604 2055 fundamenta
619 2002 797 2072 reperimus,
814 2000 923 2072 quibus
937 2001 978 2055 illi
998 2018 1129 2053 rumores
1148 2000 1240 2054 innixi
1260 1999 1387 2069 fuerant,
1407 2018 1463 2054 nec
1480 1999 1609 2054 infirmatae

414 2099 483 2143 sunt
496 2090 636 2159 rationes,
655 2090 763 2160 quibus
777 2090 813 2143 ad
831 2089 1035 2159 denegandam
1053 2089 1140 2143 fidem
1155 2089 1214 2143 illis
1231 2089 1399 2143 rumoribus
1416 2088 1611 2150 adducebamun

414 2179 504 2233 immo
519 2196 589 2233 vero
604 2179 759 2234 validiores
775 2178 870 2233 adhuc
889 2196 967 2233 nunc
981 2179 1134 2243 videntur,
1150 2178 1313 2249 perspectis
1330 2178 1476 2249 adjunctis
1492 2176 1611 2250 inquibus

415 2268 522 2337 Borgia
536 2270 719 2325 versabatur.
733 2270 770 2323 Et
784 2268 903 2339 quidem
917 2269 1094 2322 lustraverat
1111 2286 1204 2338 nuper
1223 2268 1449 2339 Portugalliam,
1463 2268 1537 2339 cujus
1547 2263 1612 2335 regni

413 2365 445 2411 et
459 2356 606 2428 principes
621 2365 651 2409 et
664 2373 751 2426 reges
765 2356 939 2411 inusitatum
953 2356 979 2409 ei
994 2356 1191 2410 exhibuerant
1203 2358 1343 2410 honorem
1361 2375 1396 2410 ea
1409 2356 1574 2427 potissimum
1585 2352 1613 2406 de

413 2462 509 2514 causa,
527 2446 595 2517 quia
609 2446 689 2499 avito
703 2444 867 2516 principatu
887 2463 920 2499 se
939 2456 1061 2499 exuerat
1081 2454 1110 2500 et
1130 2447 1258 2499 oblatam
1277 2445 1347 2499 olim
1361 2446 1520 2515 apontifice
1533 2460 1614 2515 purpu-

414 2551 475 2588 ram
489 2544 642 2606 respuerat
655 2536 768 2605 (Epist.
781 2536 904 2599 Martae,
921 2536 973 2603 111,
988 2549 1052 2603 502,
1066 2545 1139 2603 544):
1156 2536 1311 2590 universae
1325 2536 1482 2590 Societatis
1494 2537 1521 2589 in
1533 2535 1616 2604 Hispa·

414 2624 462 2677 nia
475 2632 506 2678 et
520 2624 699 2693 Portugallia
712 2624 931 2693 commissarius
948 2625 1193 2689 constituebatur,
1202 2624 1287 2695 ,quod
1301 2641 1418 2694 munus,
1432 2624 1615 2695 amplissimum

415 2712 546 2784 quidem,
560 2730 627 2767 cum
641 2712 801 2779 diligenter
814 2713 925 2784 obibat,
941 2714 1116 2768 arctioribus
1131 2714 1257 2767 vinculis
1270 2714 1407 2783 Borgiam
1422 2715 1532 2783 Ignatio
1543 2730 1573 2767 ac
1583 2728 1618 2765 so·

414 2802 469 2856 ciis
481 2801 681 2859 devinciebat:
698 2802 832 2855 audierat
845 2818 861 2855 a
876 2802 974 2856 Natali
991 2810 1133 2873 quantum
1151 2802 1207 2856 sibi
1226 2811 1257 2855 et
1276 2802 1417 2855 Societati
1431 2802 1619 2873 displiciturum

414 2902 504 2946 esset.
520 2892 544 2945 si
556 2892 643 2945 ruber
656 2892 774 2961 galerus
789 2890 830 2945 illi
849 2890 1014 2945 deferretur
1026 2891 1230 2961 (Epistulae...
1246 2890 1361 2957 Nadai,
1374 2891 1411 2957 lI,
1425 2893 1481 2960 26).
1496 2891 1565 2961 Quis
1575 2906 1620 2944 cre·

412 2979 462 3034 dat
477 2980 622 3049 Borgiarn‚
639 2980 807 3035 inconsulto
821 2980 945 3048 lgnatio,
960 2980 1107 3050 neglectis
1126 2980 1284 3034 Societatis
1297 2981 1563 3048 constitutionibus,
1573 2980 1621 3034 sine

414 3070 575 3123 certamine
595 3084 624 3122 et
638 3068 811 3123 velitatione
826 3068 922 3141 aliqua
936 3086 1093 3140 purpuram
1104 3066 1275 3123 admittere?
1283 3069 1374 3123 Certe
1386 3070 1412 3123 si
1423 3071 1477 3123 hoc
1491 3068 1623 3123 mediocris

417 3159 533 3213 virtutis
546 3160 634 3213 horno
647 3159 711 3212 sine
725 3158 854 3213 levitatis
869 3166 938 3212 nota
957 3176 1015 3213 non
1036 3158 1158 3228 faceret,
1173 3159 1295 3229 Bargia,
1313 3158 1363 3229 qui
1377 3170 1496 3213 sanctus
1515 3169 1571 3226 est,
1588 3156 1624 3229 qui

415 3248 539 3301 illustria
552 3247 675 3301 dederat
688 3248 873 3301 constantiae
892 3258 923 3301 et
940 3248 1128 3302 demissionis
1146 3258 1346 3315 monumenta,
1359 3249 1440 3301 nullo
1457 3248 1541 3303 modo
1554 3248 1625 3302 tactu·

413 3354 462 3389 rus
476 3335 619 3389 dicendus
633 3347 689 3393 est.
704 3338 746 3392 Ut
759 3350 858 3390 autem
877 3336 914 3389 ad
927 3353 1063 3390 romanos
1077 3336 1174 3389 socios
1187 3344 1380 3403 revertamur,
1394 3337 1444 3407 qui
1458 3354 1506 3390 res
1519 3336 1627 3391 Societa-

416 3424 464 3492 tis,
479 3443 495 3477 a
511 3426 606 3479 Natali
621 3426 650 3479 in
666 3427 808 3496 Hispania
824 3424 973 3496 sapienter
984 3440 1025 3479 ex·
1035 3426 1142 3495 Ignatii
1157 3435 1256 3479 rnente
1276 3426 1469 3495 constitutas,
1484 3425 1628 3496 perturbari

413 3514 564 3581 videbant,
580 3515 605 3568 si
619 3513 725 3584 Borgia
740 3514 808 3569 inde
824 3515 1010 3580 educeretur,
1030 3515 1234 3568 existimamus
1250 3514 1316 3567 illos
1332 3532 1486 3568 assensum
1502 3514 1628 3569 mendaci·

412 3606 468 3658 bus
481 3604 648 3657 rumoribus
662 3622 719 3658 non
734 3604 853 3657 omnino
868 3605 1051 3675 praebuisse,
1067 3604 1202 3658 timuisse
1216 3603 1406 3658 nihilominus
1416 3622 1454 3657 ne
1467 3605 1537 3675 quid
1546 3604 1630 3675 hujus·

416 3692 494 3747 modi
504 3692 662 3750 accideret.
678 3694 742 3746 Hoc
757 3693 886 3747 eruimus
906 3711 943 3746 ex
958 3694 1083 3764 epistola
1101 3706 1170 3761 4401
1186 3692 1223 3747 ad
1237 3693 1471 3761 Domeneccum‚
1484 3694 1535 3765 qui
1549 3693 1631 3748 audita

412 3800 429 3835 a
443 3799 567 3853 protege
586 3782 704 3836 Siciliae
724 3782 839 3851 Ignatio
858 3782 1027 3853 scripserat:
1046 3780 1150 3837 aCirca
1168 3784 1279 3853 quello,
1296 3784 1351 3836 elie
1368 3782 1416 3837 del
1431 3783 1464 3840 P.
1483 3785 1632 3838 Francesco

412 3871 519 3924 scrisse
531 3871 567 3927 V.
583 3873 631 3939 R.‚
645 3872 746 3943 sappia
759 3882 840 3925 certo
853 3869 911 3943 qu'e
925 3882 1035 3944 quanto
1048 3881 1134 3926 sente
1148 3872 1179 3928 S.
1196 3874 1229 3926 E.
1244 3881 1275 3926 et
1288 3874 1314 3926 la
1328 3872 1363 3929 R.
1379 3873 1415 3929 V.
1430 3884 1514 3927 tanto
1526 3872 1551 3927 si
1561 3884 1633 3927 sente

412 3977 479 4031 qua:
496 3978 541 4013 ma
555 3979 613 4014 non
627 3978 680 4015 son
694 3962 730 4014 da
744 3960 865 4015 credere
879 3970 955 4015 totte
969 3963 996 4015 le
1010 3978 1080 4014 cose
1090 3963 1145 4014 che
1158 3962 1184 4015 si
1195 3960 1312 4015 dicono.
1325 3961 1381 4015 Per
1390 3963 1506 4016 cautela
1518 3961 1634 4031 maggio-

412 4066 444 4103 re
467 4066 499 4103 se
513 4048 554 4118 gli
575 4048 712 4103 mandere
732 4052 830 4121 quello
849 4050 946 4105 scriue
961 4051 997 4106 V.
1016 4051 1071 4107 R.»
1090 4050 1136 4104 De
1154 4050 1244 4105 sociis
1261 4059 1375 4117 autern,
1390 4051 1442 4122 qui
1459 4052 1488 4104 in
1504 4051 1635 4122 Hispania

413 4140 617 4201 versabantur,
637 4140 707 4192 nihil
727 4140 781 4193 hac
799 4156 887 4209 super
905 4156 937 4192 re
954 4140 1095 4209 colligere
1109 4140 1272 4210 potuimus;
1286 4138 1365 4211 quod
1382 4146 1465 4193 certe
1483 4139 1635 4194 mirandum

412 4237 469 4294 est,
485 4228 633 4281 neminem
651 4228 775 4297 Borgiae
796 4232 978 4283 voluntatem
997 4245 1154 4299 purpuram
1173 4228 1359 4283 admittentis
1373 4227 1527 4283 odoratum
1542 4228 1635 4298 fuisse,

412 4332 478 4369 narn
493 4327 523 4368 et
537 4317 600 4387 ipse
615 4318 738 4383 Natalis,
753 4318 853 4388 quide
868 4320 922 4372 hac
937 4336 968 4371 re
983 4317 1019 4371 ad
1034 4319 1172 4387 Borgiam
1186 4318 1315 4389 scripsit,
1330 4334 1368 4371 ex
1385 4318 1514 4371 romanis
1527 4318 1635 4388 litteris,

412 4422 470 4458 non
481 4422 517 4458 ex
531 4406 619 4460 sociis
633 4416 682 4459 aut
694 4408 824 4461 externis
835 4406 1003 4461 hominibus
1014 4406 1186 4478 Hispaniae,
1197 4405 1332 4461 notitiam
1343 4404 1451 4461 hausit.
1462 4404 1511 4461 Cf.
1525 4406 1638 4461 Potas-

412 4508 482 4563 ους,
499 4494 624 4559 Ceron..
639 4496 690 4565 IV,
705 4512 758 4565 494
772 4506 802 4551 et
815 4510 878 4566 5923
894 4495 1115 4566 OarnuorsmS,
1130 4496 1211 4568 XIV,
1225 4497 1271 4550 81.

466 4588 477 4617 ⁴
514 4586 661 4639 Henricus
672 4586 709 4639 de
725 4589 751 4639 la
765 4586 865 4640 Cueva
879 4586 958 4640 filius
977 4595 1040 4639 erat
1053 4586 1269 4640 Bartholomaei
1288 4584 1325 4639 de
1343 4587 1370 4640 la
1383 4587 1502 4654 Cueva,
1516 4584 1639 4639 cardina·

413 4672 460 4739 lis,
475 4674 537 4745 qui,
552 4684 583 4727 ut
597 4675 646 4728 ille
660 4674 802 4730 Societati
816 4692 923 4729 nomen
936 4675 1030 4741 daret,
1045 4675 1171 4728 maxime
1185 4674 1334 4746 cupiebat.
1349 4674 1395 4728 De
1412 4672 1478 4743 ejus
1491 4675 1638 4729 vocatione

412 4774 441 4815 et
456 4762 651 4818 inconstantia
666 4766 747 4835 plura
758 4764 847 4818 tradit
861 4764 1044 4824 Potan'CUS.
1062 4762 1186 4831 Cicron,
1200 4763 1253 4834 111,
1268 4776 1332 4832 429,
1345 4761 1409 4831 4303
1425 4762 1474 4829 tv,
1488 4774 1553 4831 441.
