3567 5409
1253 20 1779 180 *q-

347 523 399 591 54⁶
687 584 689 590 ¹
725 522 932 576 Mouurreuru
953 522 1133 575 lonnrrnur

438 802 574 868 ruini
601 801 822 869 Ainenro
848 678 1154 867 risitffirunnsr
1180 799 1240 864 nx
1265 799 1418 866 conii.

728 929 815 971 noun
836 914 868 971 31
890 929 1001 970 nnnrn
1022 927 1092 983 ¹554
1106 916 1125 972 ¹.

389 1043 432 1095 De
444 1042 607 1114 eugubinis
618 1041 705 1096 sociis
716 1048 775 1113 per
787 1043 909 1096 diversa
925 1040 1082 1095 Societntis
1093 1039 1223 1111 collegia
1236 1039 1466 1094 distribuendis.

885 1189 976 1304 111113.

385 1367 458 1431 Pax
475 1365 531 1431 X}

383 1480 594 1548 Charissimo
611 1479 644 1546 in
663 1482 728 1546 X.⁰
751 1477 874 1545 Padre.

384 1595 616 1663 Riceuessirno
632 1597 744 1681 quelle
760 1597 847 1661 della
865 1596 905 1661 R.
927 1598 969 1660 V.
989 1597 1033 1663 de
1050 1613 1093 1678 24
1109 1609 1143 1663 et
1162 1614 1203 1679 25
1220 1596 1278 1662 del
1302 1606 1474 1681 presente.
1504 1598 1551 1662 Et

315 1713 527 1779 intendendo
544 1712 575 1778 la
592 1710 851 1797 indispositione
865 1710 946 1779 delli
962 1710 1020 1776 doi
1037 1710 1172 1789 fratelli,
1193 1710 1341 1778 Michael
1357 1709 1492 1798 Vignes
1514 1723 1553 1778 et

315 1828 491 1896 Giouanni
513 1826 666 1892 Antonio
686 1826 872 1911 Viperano,
897 1838 992 1892 tanto
1013 1824 1071 1912 piu
1087 1848 1186 1912 parse
1202 1826 1432 1894 conueniente
1447 1826 1551 1893 diffe-

318 1944 385 2012 rire
401 1944 515 2010 alcuni
532 1941 646 2029 giomi
661 1943 752 2027 dopo
768 1945 898 2028 pascha
918 1940 940 2006 l'
956 1944 1083 2012 andare
1108 1942 1207 2009 suora
1223 1944 1257 2007 d'
1281 1941 1460 2028 Augubio;
1483 1964 1553 2028 pur

317 2071 434 2149 presto
449 2059 478 2125 si
494 2060 576 2127 dari
592 2059 689 2125 auiso
704 2060 797 2126 doue
816 2057 897 2124 tutti
908 2057 1084 2126 'debbiano
1106 2060 1247 2128 andare.
1270 2057 1307 2127 Si
1324 2081 1382 2125 era
1404 2070 1554 2146 pensato

317 2178 383 2243 che
399 2175 423 2240 il
439 2176 572 2243 fratello
590 2174 734 2243 Michael
753 2175 885 2259 Vignes
902 2174 1010 2259 potria
1026 2176 1154 2254 andare
1170 2196 1190 2242 a
1206 2176 1353 2243 Genoua
1368 2186 1403 2243 et
1420 2196 1551 2259 proua-

318 2314 355 2357 re
371 2291 475 2377 quell’
492 2311 571 2356 area
588 2289 768 2371 maritima3
786 2303 821 2355 et
838 2312 907 2356 non
925 2288 953 2357 si
970 2291 1138 2357 trouando
1155 2293 1244 2360 bene
1260 2310 1320 2376 per
1335 2312 1459 2375 acqua,
1486 2312 1549 2376 po

321 2407 383 2473 tria
399 2409 506 2473 ander
520 2407 611 2474 doue
626 2405 657 2472 si
673 2406 811 2475 uolessi.
831 2409 901 2473 Pur
918 2407 1057 2476 intende
1073 2419 1087 2445 ²
1102 2407 1145 2473 de
1160 2407 1208 2474 lui
1224 2407 1257 2473 la
1273 2409 1314 2474 R.
1337 2409 1378 2473 V.
1397 2410 1426 2472 s'
1445 2408 1553 2474 ande·

321 2515 426 2590 rebbe
442 2521 637 2612 uolumini,
656 2533 691 2589 et
705 2525 815 2590 anche
831 2523 886 2591 del
904 2522 1037 2589 medico
1052 2525 1117 2592 che
1133 2543 1177 2588 ne
1192 2524 1399 2590 sentirebbe.

388 2638 497 2705 Etiam
513 2638 541 2705 si
559 2659 709 2725 pensana
725 2641 791 2707 che
809 2638 832 2702 il
849 2639 983 2708 fratello
998 2638 1173 2707 Giouanni
1187 2638 1340 2707 Antonio
1355 2640 1554 2706 anderebbe

320 2778 340 2821 a
355 2756 503 2822 Genoua
518 2774 584 2819 con
600 2753 649 2838 gli
665 2754 740 2819 altri
758 2754 866 2823 chesi
884 2756 1093 2822 manderano
1110 2776 1169 2840 per
1185 2757 1302 2841 quello
1318 2754 1480 2840 collegio.

389 2871 487 2940 Della
505 2872 545 2936 R.
564 2872 608 2935 V.
631 2870 659 2935 si
676 2890 827 2954 pensaua
842 2873 908 2937 che
923 2868 957 2934 in
976 2870 1121 2938 Venetia
1143 2870 1283 2938 haueria
1299 2871 1432 2956 grande
1447 2891 1553 2937 occa·

321 2988 419 3054 sione
434 2988 469 3051 d’
486 2985 687 3053 essercitare
708 2985 730 3049 il
752 3007 815 3050 suo
835 2986 1006 3053 desiderio
1021 2987 1065 3052 de
1085 2987 1215 3054 seruire
1237 2986 1367 3052 alddio
1389 2988 1435 3056 N.
1453 2988 1491 3055 S.
1516 3001 1553 3054 et

321 3101 454 3167 aiutare
471 3098 492 3164 l’
510 3099 635 3167 anime.

390 3218 454 3283 Del
472 3216 509 3283 P.
531 3217 632 3283 Mtro.
657 3216 858 3301 Augustino
873 3218 885 3248 ⁸
903 3215 932 3281 si
953 3236 1012 3281 ere
1032 3215 1134 3281 etiam
1156 3229 1299 3301 pensato
1315 3215 1497 3284 ¹mendarlo
1512 3218 1549 3283 in

324 3334 493 3418 Bologna,
511 3352 532 3396 o
550 3352 632 3398 uero
648 3330 681 3396 in
699 3332 785 3398 altra
801 3343 909 3416 parte,
924 3332 1013 3397 doue
1030 3330 1159 3416 potessi
1176 3331 1385 3400 essercitarsi
1401 3333 1436 3399 in
1450 3335 1554 3401 vinea

322 3448 474 3523 Domini;
491 3459 525 3515 et
542 3446 613 3514 cosi
631 3447 724 3534 degli
739 3446 817 3513 altri
834 3447 969 3512 fratelli.
991 3449 1062 3512 Pur
1079 3449 1100 3512 l'
1121 3446 1239 3513 ultima
1257 3448 1465 3517 resolutione
1482 3470 1554 3515 non

324 3563 345 3631 l'
361 3568 405 3632 ha
417 3565 506 3653 *satta
526 3564 570 3633 N.
592 3567 631 3633 P.
648 3584 788 3643 ancora,
806 3576 840 3631 et
856 3584 980 3629 sarano
996 3564 1027 3628 al
1044 3583 1108 3628 suo
1125 3573 1240 3649 tempo
1256 3562 1390 3630 auisati.

389 3681 513 3765 Quella
529 3700 609 3745 cosa
624 3680 691 3744 che
708 3679 739 3744 la
756 3679 797 3744 R.
820 3679 860 3745 V.
880 3677 1004 3745 scrisse
1013 3689 1265 3770 ¹appertenente
1277 3679 1311 3743 al
1323 3690 1424 3745 santo
1439 3701 1557 3747 sacra-

321 3808 438 3862 mento
455 3796 473 3861 ὲ
495 3816 594 3879 parsa
616 3792 704 3861 assai
725 3794 888 3873 notabile,
906 3807 942 3861 et
964 3792 1164 3871 haueriamo
1184 3813 1306 3860 necaro
1321 3796 1355 3859 d'
1374 3793 1558 3865 intendere

322 3914 436 4008 quello
452 3914 517 3979 che
533 3910 561 3977 si
579 3913 648 3995 puo
663 3909 716 3976 dir
732 3908 765 3974 dl
782 3911 893 3994 quella
913 3932 1068 3995 persona.
1108 3968 1110 3971 ,

390 4027 455 4094 Noi
477 4026 599 4092 stiamo
621 4026 708 4091 bene
724 4023 738 4064 l
754 4026 843 4091 nella'
859 4046 939 4092 casa
956 4037 991 4090 et
1011 4025 1134 4110 collegi
1151 4040 1186 4092 et
1207 4026 1239 4091 ci
1257 4026 1561 4095 raccomandiamo

322 4145 380 4210 all'
396 4141 543 4208 orationi
563 4143 607 4207 de
629 4141 720 4207 tutti.

389 4261 443 4327 De
460 4259 567 4324 Roma
583 4257 703 4323 ultimo
719 4256 753 4321 di
771 4258 888 4324 Marzo
909 4272 1005 4340 1554.

363 4361 368 4371 ⁴
389 4374 589 4458 Inscriptio.
610 4378 641 4439 A
660 4372 836 4458 Augubio.
857 4374 902 4439 Al
924 4374 961 4437 P.
983 4373 1137 4439 Alberto.

375 4589 389 4616 ι
426 4570 547 4626 intende
560 4587 620 4623 ms.
660 4572 712 4612 -b
732 4569 802 4623 beni
819 4585 876 4625 ms.
1000 4559 1005 4563 ’
1098 4645 1102 4654 ι

330 4684 520 4697 ..n-—

378 4755 386 4784 ⁴
427 4751 469 4805 Ex
482 4749 586 4804 codice
601 4749 722 4821 Regest.
736 4747 779 4814 11,
794 4747 845 4802 lul.
858 4744 918 4800 81r.
1073 4749 1084 4780 ¹
1122 4744 1309 4816 Augustinus
1320 4744 1360 4799 de
1372 4747 1401 4800 ln
1413 4745 1508 4806 ulva.
