3567 5409
797 472 1004 528 Monuusnrs
1028 471 1206 529 Iausrrssn

955 628 1049 705 449

543 753 684 819 PATRI
709 630 995 819 HIERONYMO¹
1021 752 1198 817 NATALl
1223 750 1285 817 EX
1309 751 1461 818 COMM.

780 879 868 920 nour
889 866 905 919 8
925 878 1094 920 rssrurmr
1117 878 1185 934 1554
1206 868 1225 925 ¹.

389 994 511 1051 litteris
522 994 650 1063 acceptis
663 992 811 1048 rescribit.
820 992 895 1045 -De
912 991 1040 1063 collegia
1050 992 1377 1061 compostellana-De
1389 990 1476 1047 sociis
1491 990 1625 1047 Romam

436 1086 601 1155 perventis,
614 1088 642 1138 et
654 1084 690 1137 de
696 1082 820 1153 Jaanne
837 1082 974 1138 Guttana
992 1082 1025 1135 in
1038 1086 1197 1135 turcarum
1208 1086 1384 1152 patestatem
1398 1081 1627 1147 redacta-So·

439 1174 480 1228 cii
496 1191 532 1227 ex
548 1172 703 1243 Hispania
721 1168 999 1239 expetuntur.—De
1018 1170 1149 1223 subsidio
1165 1176 1223 1241 pro
1241 1169 1379 1225 romanis
1396 1171 1483 1225 sociis
1503 1175 1627 1241 compa-

440 1264 551 1327 rando;
561 1264 652 1331 deque
663 1263 781 1315 ratione
789 1259 936 1330 pecuniae
947 1260 979 1313 in
992 1258 1100 1313 Urbem
1110 1258 1579 1318 transmittendae.-Maudatm
1590 1260 1625 1313 de

437 1350 645 1406 constituendo
659 1350 772 1404 Romae
779 1354 979 1421 procuratore
988 1354 1048 1420 pro
1060 1348 1260 1420 hispanarum
1273 1354 1302 1403 et
1315 1349 1522 1403 lusitanorum
1533 1366 1626 1421 nego-

439 1442 491 1495 tiis
503 1439 708 1511 conficiendis:
722 1440 759 1495 de
771 1439 861 1493 libris
873 1438 1053 1511 expurgatis
1066 1440 1100 1492 in
1118 1438 1215 1493 lucem
1233 1439 1334 1506 editis,
1351 1456 1388 1494 ac
1404 1440 1440 1493 ris
1457 1438 1532 1495 aliis
1551 1440 1625 1493 scri·

436 1532 496 1598 ptis
507 1534 563 1600 per
576 1527 746 1598 Hispaniae
759 1532 787 1582 el
802 1526 979 1583 Lusitaniae
992 1526 1120 1598 collegia
1130 1528 1356 1584 distribuendis.
1397 1524 1442 1583 De
1453 1527 1626 1599 sumptibus

436 1624 494 1690 pro
507 1616 707 1688 epistolarum
720 1616 901 1671 tabellariis.

458 1747 531 1812 Pax
549 1742 693 1810 Christi.

457 1856 625 1926 Carisimo
642 1860 753 1925 Padre
769 1878 813 1924 en
824 1861 910 1947 Jesu
927 1858 991 1925 X.⁰
1423 1938 1426 1943 Ι

461 1977 529 2042 Por
544 1976 690 2040 muchas
705 1978 778 2041 vias
794 1976 916 2041 hemos
931 1972 1071 2041 escritto
1088 1980 1108 2040 b
1124 1975 1169 2043 V.
1190 1974 1229 2042 R.
1249 1975 1316 2041 Las
1332 1972 1468 2041 vltimas
1483 1994 1554 2059 que
1571 1986 1621 2041 te·

390 2113 510 2159 nemos
526 2112 630 2176 suyas
646 2089 801 2157 uinieron
824 2111 885 2175 por
903 2096 957 2156 via
972 2090 1016 2159 de
1038 2092 1175 2177 Burgos
1195 2112 1217 2175 y
1239 2090 1283 2159 de
1300 2091 1407 2158 Lebn:
1432 2112 1493 2157 son
1517 2091 1563 2156 de
1580 2108 1622 2173 23

389 2208 432 2275 de
451 2207 606 2274 Octubre
626 2208 638 2238 ¹
656 2228 678 2292 y
695 2222 715 2287 7
733 2208 776 2274 de
797 2206 1009 2273 Nouiembre
1031 2208 1056 2286 ³,
1079 2227 1098 2291 y
1125 2209 1292 2273 hbmonos
1313 2206 1499 2274 consolado
1520 2228 1566 2273 en
1589 2208 1619 2273 el

389 2322 500 2391 Senot
517 2332 657 2389 nuestro
674 2341 740 2387 con
756 2322 850 2387 ellas:
868 2342 892 2405 y
908 2323 942 2386 la
958 2342 1025 2407 que
1041 2341 1099 2389 era
1113 2322 1297 2389 mostrable
1313 2322 1346 2388 al
1356 2322 1459 2389 Card.
1476 2322 1519 2387 de
1533 2322 1621 2391 San-

389 2437 484 2523 tiago
502 2439 514 2470 ⁴
531 2458 569 2503 se
585 2438 677 2505 leba
693 2435 843 2503 inbiado.
863 2438 910 2502 Es
931 2436 1057 2503 ver'dad
1078 2458 1145 2523 que
1161 2459 1199 2505 se
1219 2440 1321 2504 hauia
1342 2438 1486 2523 passado
1502 2458 1571 2503 con
1588 2438 1620 2503 bl

390 2559 464 2620 mbs
480 2554 639 2620 adelante
654 2574 697 2620 en
713 2563 787 2620 este
803 2552 961 2639 negocia
980 2573 1001 2637 y
1018 2554 1050 2619 sl
1066 2558 1143 2619 auia
1158 2551 1263 2620 serito
1276 2574 1342 2617 vna
1355 2554 1439 2619 letra
1456 2554 1486 2619 al
1505 2553 1619 2619 conde

390 2670 434 2738 de
451 2672 630 2753 Monterey
648 2671 673 2747 ³,
691 2689 779 2753 cuya
801 2667 899 2754 copia
919 2689 957 2734 se
973 2667 1077 2736 imbib
1098 2680 1171 2736 otra
1187 2691 1250 2736 vez
1271 2676 1291 2735 b
1308 2670 1351 2735 V.
1372 2670 1411 2735 R.
1431 2668 1535 2754 junto
1551 2689 1617 2734 con

390 2786 440 2851 las
457 2784 725 2878 capitulaciones
745 2808 788 2852 en
806 2805 873 2869 que
889 2787 1078 2869 quedamos
1095 2806 1161 2853 con
1178 2788 1210 2854 el
1227 2786 1399 2852 cardenal.

456 2900 589 2969 Scriuib
607 2900 744 2966 tanbisn
762 2902 804 2966 N.
827 2902 866 2966 Ρ.
885 2902 1079 2983 bGoncalo
1095 2904 1202 2971 Pbrez
1217 2924 1240 2987 y
1256 2901 1322 2968 Rui
1335 2902 1467 2969 Gbmez
1483 2904 1495 2935 ⁸
1513 2922 1618 2968 enco-

389 3016 615 3084 mendbndole
624 3026 697 3083 este
709 3016 854 3102 negocio
864 3040 906 3085 en
918 3018 1071 3103 general,
1084 3040 1105 3101 y
1120 3016 1359 3085 remitibndose
1371 3014 1402 3083 bl
1411 3018 1473 3084 Dr.
1489 3018 1619 3099 Araoz,

391 3133 529 3218 bquien
547 3132 728 3200 asimesmo
744 3132 846 3200 enbib
867 3133 968 3219 copia
985 3132 1082 3199 deste
1102 3134 1292 3217 despach0‚
1317 3156 1338 3219 y
1355 3134 1385 3198 al
1406 3137 1468 3200 Dr.
1493 3136 1621 3202 Torres

391 3248 586 3315 asimesmo.
606 3249 660 3313 No
676 3249 728 3313 los
745 3265 844 3314 torno
859 3254 878 3313 b
895 3247 1006 3313 inbiar
1022 3270 1083 3333 por
1100 3261 1173 3316 esta
1190 3254 1256 3327 via,
1277 3270 1405 3334 parque
1422 3272 1488 3315 van
1506 3250 1557 3317 las
1573 3252 1621 3317 le-

392 3374 463 3431 tras
479 3370 498 3429 b
514 3364 662 3430 Gbnoua
677 3370 698 3429 b
712 3364 745 3429 la
761 3374 919 3444 ventura3
938 3386 1012 3430 mas
1033 3386 1095 3449 por
1110 3368 1165 3431 via
1182 3366 1225 3431 de
1247 3365 1341 3432 Lebn
1359 3366 1466 3449 podrb
1482 3386 1537 3432 ser
1555 3387 1620 3451 que

390 3480 513 3548 dentro
529 3480 572 3545 de
588 3480 651 3544 dos
667 3480 741 3545 dias
756 3484 777 3545 b
795 3499 814 3563 3
831 3500 868 3544 se
885 3478 978 3545 inbie
997 3493 1072 3544 otro
1089 3478 1370 3565 quadruplicado.

460 3598 513 3663 De
530 3596 580 3661 los
597 3595 671 3662 diez
688 3614 755 3679 que
771 3615 808 3660 se
824 3596 950 3661 hauian
973 3594 1164 3661 enbarcado
1181 3595 1258 3673 alla,
1275 3596 1327 3659 los
1344 3616 1457 3663 nueue
1473 3618 1540 3663 son
1557 3599 1619 3666 lle-

395 3714 503 3796 gados
518 3689 664 3790 humes,
678 3710 731 3777 sin
747 3712 798 3777 los
815 3711 944 3777 Padres
961 3714 1061 3777 Miro.
1081 3710 1201 3779 Simbn
1217 3710 1403 3795 yCarnero
1423 3715 1446 3776 ².
1465 3712 1551 3779 Dios
1563 3734 1620 3781 sea

390 3827 501 3894 load0.
521 3828 552 3893 Y
568 3833 664 3893 estbn
682 3850 724 3894 en
744 3828 861 3892 Roma.
881 3828 960 3892 Vno
976 3826 1097 3905 denos,
1116 3847 1183 3911 que
1196 3848 1233 3893 es
1251 3828 1355 3895 Miro,
1369 3830 1458 3914 Juan
1476 3828 1619 3895 flamen-

391 3964 437 4028 go
453 3944 479 4022 ⁸,
498 3944 611 4028 ayuda
627 3965 670 4010 en
687 3944 718 4008 el
734 3940 893 4027 collegio:
918 3943 968 4005 los
985 3951 1078 4007 otros
1098 3947 1194 4007 estbn
1215 3963 1259 4008 en
1277 3962 1368 4008 casa.
1392 3943 1432 4007 El
1454 3964 1522 4027 que
1539 3943 1619 4010 salta

445 4157 451 4187 '
491 4158 535 4211 Ex
548 4156 650 4211 codice
665 4157 782 4227 Regest.
800 4156 839 4220 II,
855 4154 884 4209 ff.
904 4156 1064 4224 rbbvrbyr.
1081 4156 1283 4228 Peragraphus
1296 4156 1383 4228 hujus
1398 4158 1555 4229 epistolae,
1569 4157 1619 4214 ubi

389 4246 426 4301 de
439 4246 545 4302 studiis
558 4248 666 4318 agitur,
680 4254 778 4301 exstat
791 4246 821 4302 in
837 4244 909 4302 Cod.
926 4246 1043 4301 Monac.
1060 4246 1084 4313 1,
1101 4245 1151 4302 sol.
1166 4246 1213 4317 36,
1226 4254 1257 4301 et
1270 4247 1300 4301 in
1317 4244 1391 4301 cod.
1411 4248 1497 4303 Rom.
1519 4248 1568 4303 Vl.

442 4337 453 4371 ¹
490 4338 575 4391 Hanc
587 4336 744 4407 epistolam
757 4352 817 4390 non
831 4334 970 4393 vidimus.

445 4428 456 4457 ³
495 4426 649 4497 Epistolae
663 4426 702 4479 P.
715 4425 899 4495 Hieronymi
912 4423 1027 4490 Nadal,
1041 4424 1064 4496 1,
1082 4423 1143 4493 189.

441 4518 454 4548 ⁴
491 4517 620 4585 Joannes
635 4512 810 4570 Alvarezius
822 4512 860 4568 ds
873 4514 990 4569 Toleto.

443 4609 453 4639 ⁵
492 4605 662 4675 Alpbonsus
674 4603 711 4657 de
726 4602 867 4658 Acevedo
881 4614 911 4658 et
922 4603 1047 4670 Zuriga.
1176 4606 1186 4639 ⁸
1223 4602 1298 4658 Vide
1312 4602 1466 4675 epistolam
1479 4618 1561 4674 4051.

443 4698 453 4727 ⁷
493 4694 538 4747 De
549 4691 594 4747 his
608 4693 719 4748 mentio
731 4692 765 4747 fit
779 4693 808 4747 in
819 4693 946 4763 epistola
959 4694 1122 4764 superiore.
1178 4695 1190 4726 ⁸
1227 4691 1566 4765 JosnnesCuvillomus.
