<?xml version="1.0" encoding="UTF-8"?>
<!DOCTYPE html PUBLIC "-//W3C//DTD XHTML 1.0 Transitional//EN"
    "http://www.w3.org/TR/xhtml1/DTD/xhtml1-transitional.dtd">
<html xmlns="http://www.w3.org/1999/xhtml" xml:lang="en" lang="en">
 <head>
  <title>
</title>
<meta http-equiv="Content-Type" content="text/html;charset=utf-8" />
  <meta name='ocr-system' content='tesseract 3.04.00' />
  <meta name='ocr-capabilities' content='ocr_page ocr_carea ocr_par ocr_line ocrx_word'/>
</head>
<body>
  <div class='ocr_page' id='page_1' title='image "./monumentaignati01ignagoog_0646.png"; bbox 0 0 3567 5409; ppageno 0'>
   <div class='ocr_carea' id='block_1_1' title="bbox 432 485 1343 555">
    <p class='ocr_par' dir='ltr' id='par_1_1' title="bbox 432 485 1343 555">
     <span class='ocr_line' id='line_1_1' title="bbox 432 485 1343 555; baseline -0.003 -15"><span class='ocrx_word' id='word_1_1' title='bbox 432 486 488 555; x_wconf 81' lang='lat'><strong>⁶4⁰</strong></span> <span class='ocrx_word' id='word_1_2' title='bbox 810 486 1019 541; x_wconf 78' lang='lat' dir='ltr'><strong>Monurrnnrn</strong></span> <span class='ocrx_word' id='word_1_3' title='bbox 1042 485 1219 540; x_wconf 73' lang='lat' dir='ltr'><strong>lonnrraun</strong></span> <span class='ocrx_word' id='word_1_4' title='bbox 1341 520 1343 524; x_wconf 87' lang='lat'><em>-</em></span> 
     </span>
    </p>
   </div>
   <div class='ocr_carea' id='block_1_2' title="bbox 394 634 1613 3619">
    <p class='ocr_par' dir='ltr' id='par_1_2' title="bbox 395 634 1606 958">
     <span class='ocr_line' id='line_1_2' title="bbox 396 634 1606 725; baseline 0.002 -22"><span class='ocrx_word' id='word_1_5' title='bbox 396 640 502 706; x_wconf 77' lang='lat' dir='ltr'><strong>faccia</strong></span> <span class='ocrx_word' id='word_1_6' title='bbox 518 650 647 724; x_wconf 88' lang='lat' dir='ltr'><strong>quanto</strong></span> <span class='ocrx_word' id='word_1_7' title='bbox 663 640 755 725; x_wconf 76' lang='lat' dir='ltr'><strong>pub).</strong></span> <span class='ocrx_word' id='word_1_8' title='bbox 775 640 821 708; x_wconf 88' lang='lat' dir='ltr'><strong>Se</strong></span> <span class='ocrx_word' id='word_1_9' title='bbox 837 660 914 725; x_wconf 87' lang='lat' dir='ltr'><strong>pur,</strong></span> <span class='ocrx_word' id='word_1_10' title='bbox 934 634 1181 705; x_wconf 80' lang='lat' dir='ltr'><strong>informandoci</strong></span> <span class='ocrx_word' id='word_1_11' title='bbox 1197 638 1225 704; x_wconf 77' lang='lat' dir='ltr'><strong>si</strong></span> <span class='ocrx_word' id='word_1_12' title='bbox 1243 636 1378 705; x_wconf 72' lang='lat' dir='ltr'><strong>troueri</strong></span> <span class='ocrx_word' id='word_1_13' title='bbox 1400 660 1469 705; x_wconf 93' lang='lat' dir='ltr'><strong>non</strong></span> <span class='ocrx_word' id='word_1_14' title='bbox 1488 640 1606 707; x_wconf 67' lang='lat' dir='ltr'><strong>arseni</strong></span> 
     </span>
     <span class='ocr_line' id='line_1_3' title="bbox 395 753 1606 835; baseline 0.002 -14"><span class='ocrx_word' id='word_1_15' title='bbox 395 756 482 821; x_wconf 87' lang='lat' dir='ltr'><strong>altra</strong></span> <span class='ocrx_word' id='word_1_16' title='bbox 500 756 555 822; x_wconf 92' lang='lat' dir='ltr'><strong>uia</strong></span> <span class='ocrx_word' id='word_1_17' title='bbox 570 756 727 835; x_wconf 88' lang='lat' dir='ltr'><strong>comoda,</strong></span> <span class='ocrx_word' id='word_1_18' title='bbox 746 755 774 821; x_wconf 90' lang='lat' dir='ltr'><strong>si</strong></span> <span class='ocrx_word' id='word_1_19' title='bbox 792 756 923 821; x_wconf 74' lang='lat' dir='ltr'><strong>tentari</strong></span> <span class='ocrx_word' id='word_1_20' title='bbox 937 754 972 819; x_wconf 91' lang='lat' dir='ltr'><strong>di</strong></span> <span class='ocrx_word' id='word_1_21' title='bbox 990 776 1105 821; x_wconf 91' lang='lat' dir='ltr'><strong>nuouo</strong></span> <span class='ocrx_word' id='word_1_22' title='bbox 1122 753 1145 819; x_wconf 93' lang='lat' dir='ltr'><strong>il</strong></span> <span class='ocrx_word' id='word_1_23' title='bbox 1161 753 1309 820; x_wconf 86' lang='lat' dir='ltr'><strong>cardinal</strong></span> <span class='ocrx_word' id='word_1_24' title='bbox 1327 764 1361 822; x_wconf 89' lang='lat' dir='ltr'><strong>et</strong></span> <span class='ocrx_word' id='word_1_25' title='bbox 1378 753 1406 820; x_wconf 90' lang='lat' dir='ltr'><strong>si</strong></span> <span class='ocrx_word' id='word_1_26' title='bbox 1426 755 1492 820; x_wconf 77' lang='lat' dir='ltr'><strong>tara</strong></span> <span class='ocrx_word' id='word_1_27' title='bbox 1506 754 1529 819; x_wconf 90' lang='lat' dir='ltr'><strong>il</strong></span> <span class='ocrx_word' id='word_1_28' title='bbox 1544 776 1606 824; x_wconf 91' lang='lat' dir='ltr'><strong>me-</strong></span> 
     </span>
     <span class='ocr_line' id='line_1_4' title="bbox 396 870 1037 958; baseline 0 -23"><span class='ocrx_word' id='word_1_29' title='bbox 396 870 484 956; x_wconf 87' lang='lat' dir='ltr'>glior</span> <span class='ocrx_word' id='word_1_30' title='bbox 500 870 610 937; x_wconf 82' lang='lat' dir='ltr'><strong>offitio</strong></span> <span class='ocrx_word' id='word_1_31' title='bbox 624 892 689 937; x_wconf 90' lang='lat' dir='ltr'><strong>con</strong></span> <span class='ocrx_word' id='word_1_32' title='bbox 706 871 754 937; x_wconf 92' lang='lat' dir='ltr'><strong>lui</strong></span> <span class='ocrx_word' id='word_1_33' title='bbox 770 871 882 939; x_wconf 86' lang='lat' dir='ltr'>chesi</span> <span class='ocrx_word' id='word_1_34' title='bbox 898 870 995 958; x_wconf 79' lang='lat' dir='ltr'><strong>potrai</strong></span> <span class='ocrx_word' id='word_1_35' title='bbox 1012 882 1037 935; x_wconf 79' lang='lat'><strong>⁸.</strong></span> 
     </span>
    </p>

    <p class='ocr_par' dir='ltr' id='par_1_3' title="bbox 395 984 1608 1299">
     <span class='ocr_line' id='line_1_5' title="bbox 462 984 1606 1072; baseline -0.001 -17"><span class='ocrx_word' id='word_1_36' title='bbox 462 988 574 1072; x_wconf 88' lang='lat' dir='ltr'><strong>Sopra</strong></span> <span class='ocrx_word' id='word_1_37' title='bbox 590 986 613 1052; x_wconf 95' lang='lat' dir='ltr'><strong>il</strong></span> <span class='ocrx_word' id='word_1_38' title='bbox 628 1008 778 1055; x_wconf 85' lang='lat' dir='ltr'><strong>vescouo</strong></span> <span class='ocrx_word' id='word_1_39' title='bbox 794 988 828 1053; x_wconf 89' lang='lat' dir='ltr'><strong>di</strong></span> <span class='ocrx_word' id='word_1_40' title='bbox 845 988 967 1055; x_wconf 79' lang='lat' dir='ltr'><strong>Cefalu</strong></span> <span class='ocrx_word' id='word_1_41' title='bbox 983 985 998 1027; x_wconf 77' lang='lat'><strong>¹³</strong></span> <span class='ocrx_word' id='word_1_42' title='bbox 1014 988 1042 1052; x_wconf 87' lang='lat' dir='ltr'><strong>si</strong></span> <span class='ocrx_word' id='word_1_43' title='bbox 1060 986 1190 1071; x_wconf 78' lang='lat' dir='ltr'><strong>parlara</strong></span> <span class='ocrx_word' id='word_1_44' title='bbox 1206 986 1238 1051; x_wconf 86' lang='lat' dir='ltr'><strong>al</strong></span> <span class='ocrx_word' id='word_1_45' title='bbox 1259 984 1410 1053; x_wconf 80' lang='lat' dir='ltr'>cardinal</span> <span class='ocrx_word' id='word_1_46' title='bbox 1431 986 1536 1054; x_wconf 80' lang='lat' dir='ltr'><strong>Puteo</strong></span> <span class='ocrx_word' id='word_1_47' title='bbox 1553 996 1566 1025; x_wconf 77' lang='lat'><strong>⁰</strong></span> <span class='ocrx_word' id='word_1_48' title='bbox 1585 989 1606 1067; x_wconf 80' lang='lat'><strong>⁸,</strong></span> 
     </span>
     <span class='ocr_line' id='line_1_6' title="bbox 395 1102 1608 1187; baseline -0.002 -18"><span class='ocrx_word' id='word_1_49' title='bbox 395 1103 531 1169; x_wconf 84' lang='lat' dir='ltr'><strong>dandoli</strong></span> <span class='ocrx_word' id='word_1_50' title='bbox 548 1104 571 1167; x_wconf 92' lang='lat' dir='ltr'><strong>l’</strong></span> <span class='ocrx_word' id='word_1_51' title='bbox 589 1104 828 1170; x_wconf 79' lang='lat' dir='ltr'><strong>informatione</strong></span> <span class='ocrx_word' id='word_1_52' title='bbox 843 1107 908 1171; x_wconf 83' lang='lat' dir='ltr'><strong>che</strong></span> <span class='ocrx_word' id='word_1_53' title='bbox 925 1104 968 1170; x_wconf 92' lang='lat' dir='ltr'><strong>V.</strong></span> <span class='ocrx_word' id='word_1_54' title='bbox 990 1104 1032 1170; x_wconf 88' lang='lat' dir='ltr'><strong>R.</strong></span> <span class='ocrx_word' id='word_1_55' title='bbox 1052 1122 1093 1171; x_wconf 86' lang='lat' dir='ltr'><strong>ce</strong></span> <span class='ocrx_word' id='word_1_56' title='bbox 1109 1104 1154 1169; x_wconf 90' lang='lat' dir='ltr'><strong>ha</strong></span> <span class='ocrx_word' id='word_1_57' title='bbox 1171 1104 1333 1169; x_wconf 84' lang='lat' dir='ltr'><strong>mandato</strong></span> <span class='ocrx_word' id='word_1_58' title='bbox 1350 1102 1393 1169; x_wconf 90' lang='lat' dir='ltr'><strong>de</strong></span> <span class='ocrx_word' id='word_1_59' title='bbox 1406 1123 1465 1169; x_wconf 90' lang='lat' dir='ltr'><strong>sua</strong></span> <span class='ocrx_word' id='word_1_60' title='bbox 1478 1123 1608 1187; x_wconf 79' lang='lat' dir='ltr'><strong>persona</strong></span> 
     </span>
     <span class='ocr_line' id='line_1_7' title="bbox 395 1214 1073 1299; baseline -0.004 -12"><span class='ocrx_word' id='word_1_61' title='bbox 395 1230 430 1287; x_wconf 88' lang='lat' dir='ltr'><strong>et</strong></span> <span class='ocrx_word' id='word_1_62' title='bbox 446 1214 536 1287; x_wconf 82' lang='lat' dir='ltr'><strong>della</strong></span> <span class='ocrx_word' id='word_1_63' title='bbox 554 1218 654 1285; x_wconf 85' lang='lat' dir='ltr'><strong>uisita</strong></span> <span class='ocrx_word' id='word_1_64' title='bbox 669 1219 725 1287; x_wconf 90' lang='lat' dir='ltr'><strong>del</strong></span> <span class='ocrx_word' id='word_1_65' title='bbox 741 1240 805 1285; x_wconf 88' lang='lat' dir='ltr'><strong>suo</strong></span> <span class='ocrx_word' id='word_1_66' title='bbox 821 1230 1009 1287; x_wconf 89' lang='lat' dir='ltr'><strong>veseouato</strong></span> <span class='ocrx_word' id='word_1_67' title='bbox 1021 1220 1047 1284; x_wconf 82' lang='lat'><strong>⁶.</strong></span> <span class='ocrx_word' id='word_1_68' title='bbox 1070 1292 1073 1299; x_wconf 55' lang='grc'>,</span> 
     </span>
    </p>

    <p class='ocr_par' dir='ltr' id='par_1_4' title="bbox 394 1333 1613 2346">
     <span class='ocr_line' id='line_1_8' title="bbox 463 1333 1610 1403; baseline -0.002 -2"><span class='ocrx_word' id='word_1_69' title='bbox 463 1336 519 1401; x_wconf 89' lang='lat' dir='ltr'><strong>Ha</strong></span> <span class='ocrx_word' id='word_1_70' title='bbox 534 1335 646 1403; x_wconf 88' lang='lat' dir='ltr'><strong>inteso</strong></span> <span class='ocrx_word' id='word_1_71' title='bbox 661 1335 762 1403; x_wconf 88' lang='lat' dir='ltr'><strong>etiarn</strong></span> <span class='ocrx_word' id='word_1_72' title='bbox 779 1337 823 1402; x_wconf 92' lang='lat' dir='ltr'><strong>N.</strong></span> <span class='ocrx_word' id='word_1_73' title='bbox 845 1337 884 1401; x_wconf 87' lang='lat' dir='ltr'><strong>P.</strong></span> <span class='ocrx_word' id='word_1_74' title='bbox 903 1336 992 1403; x_wconf 87' lang='lat' dir='ltr'><strong>della</strong></span> <span class='ocrx_word' id='word_1_75' title='bbox 1009 1335 1109 1401; x_wconf 87' lang='lat' dir='ltr'><strong>badia</strong></span> <span class='ocrx_word' id='word_1_76' title='bbox 1126 1334 1169 1402; x_wconf 91' lang='lat' dir='ltr'><strong>de</strong></span> <span class='ocrx_word' id='word_1_77' title='bbox 1185 1334 1389 1401; x_wconf 86' lang='lat' dir='ltr'><strong>Nuoualuce</strong></span> <span class='ocrx_word' id='word_1_78' title='bbox 1410 1344 1444 1401; x_wconf 88' lang='lat' dir='ltr'><strong>et</strong></span> <span class='ocrx_word' id='word_1_79' title='bbox 1465 1333 1543 1401; x_wconf 87' lang='lat' dir='ltr'>dell&#39;</span> <span class='ocrx_word' id='word_1_80' title='bbox 1565 1333 1610 1399; x_wconf 90' lang='lat' dir='ltr'><strong>in-</strong></span> 
     </span>
     <span class='ocr_line' id='line_1_9' title="bbox 395 1448 1610 1535; baseline -0.001 -19"><span class='ocrx_word' id='word_1_81' title='bbox 395 1449 521 1517; x_wconf 89' lang='lat' dir='ltr'><strong>stantia</strong></span> <span class='ocrx_word' id='word_1_82' title='bbox 542 1448 558 1489; x_wconf 83' lang='lat'><strong>‘¹</strong></span> <span class='ocrx_word' id='word_1_83' title='bbox 581 1463 616 1519; x_wconf 92' lang='lat' dir='ltr'><strong>et</strong></span> <span class='ocrx_word' id='word_1_84' title='bbox 639 1450 749 1517; x_wconf 87' lang='lat' dir='ltr'><strong>offitio</strong></span> <span class='ocrx_word' id='word_1_85' title='bbox 771 1462 868 1517; x_wconf 89' lang='lat' dir='ltr'><strong>tanto</strong></span> <span class='ocrx_word' id='word_1_86' title='bbox 888 1451 987 1518; x_wconf 87' lang='lat' dir='ltr'><strong>caldo</strong></span> <span class='ocrx_word' id='word_1_87' title='bbox 1010 1454 1074 1517; x_wconf 88' lang='lat' dir='ltr'><strong>che</strong></span> <span class='ocrx_word' id='word_1_88' title='bbox 1095 1450 1133 1519; x_wconf 90' lang='lat' dir='ltr'><strong>S.</strong></span> <span class='ocrx_word' id='word_1_89' title='bbox 1152 1452 1192 1517; x_wconf 91' lang='lat' dir='ltr'><strong>E.</strong></span> <span class='ocrx_word' id='word_1_90' title='bbox 1213 1453 1223 1483; x_wconf 78' lang='lat'>¹</span> <span class='ocrx_word' id='word_1_91' title='bbox 1241 1452 1285 1516; x_wconf 91' lang='lat' dir='ltr'><strong>ha</strong></span> <span class='ocrx_word' id='word_1_92' title='bbox 1303 1451 1389 1515; x_wconf 83' lang='lat' dir='ltr'><strong>fatto</strong></span> <span class='ocrx_word' id='word_1_93' title='bbox 1403 1470 1543 1535; x_wconf 88' lang='lat' dir='ltr'><strong>appreso</strong></span> <span class='ocrx_word' id='word_1_94' title='bbox 1557 1471 1610 1515; x_wconf 88' lang='lat' dir='ltr'><strong>sua</strong></span> 
     </span>
     <span class='ocr_line' id='line_1_10' title="bbox 396 1564 1611 1653; baseline -0.002 -21"><span class='ocrx_word' id='word_1_95' title='bbox 396 1571 525 1634; x_wconf 80' lang='lat' dir='ltr'><strong>maesta</strong></span> <span class='ocrx_word' id='word_1_96' title='bbox 544 1569 571 1635; x_wconf 84' lang='lat'><strong>⁸.</strong></span> <span class='ocrx_word' id='word_1_97' title='bbox 594 1565 653 1635; x_wconf 86' lang='lat' dir='ltr'><strong>Sia</strong></span> <span class='ocrx_word' id='word_1_98' title='bbox 674 1566 877 1653; x_wconf 86' lang='lat' dir='ltr'><strong>ringratiato</strong></span> <span class='ocrx_word' id='word_1_99' title='bbox 897 1567 953 1633; x_wconf 92' lang='lat' dir='ltr'><strong>del</strong></span> <span class='ocrx_word' id='word_1_100' title='bbox 975 1575 1065 1633; x_wconf 89' lang='lat' dir='ltr'><strong>tutto</strong></span> <span class='ocrx_word' id='word_1_101' title='bbox 1088 1564 1183 1633; x_wconf 92' lang='lat' dir='ltr'><strong>lddio</strong></span> <span class='ocrx_word' id='word_1_102' title='bbox 1206 1568 1250 1634; x_wconf 90' lang='lat' dir='ltr'><strong>N.</strong></span> <span class='ocrx_word' id='word_1_103' title='bbox 1277 1568 1329 1647; x_wconf 87' lang='lat' dir='ltr'><strong>S.‚</strong></span> <span class='ocrx_word' id='word_1_104' title='bbox 1355 1570 1420 1633; x_wconf 91' lang='lat' dir='ltr'><strong>che</strong></span> <span class='ocrx_word' id='word_1_105' title='bbox 1444 1568 1488 1633; x_wconf 87' lang='lat' dir='ltr'><strong>tal</strong></span> <span class='ocrx_word' id='word_1_106' title='bbox 1512 1564 1611 1632; x_wconf 86' lang='lat' dir='ltr'><strong>mente</strong></span> 
     </span>
     <span class='ocr_line' id='line_1_11' title="bbox 395 1681 1608 1760; baseline -0.002 -13"><span class='ocrx_word' id='word_1_107' title='bbox 395 1703 497 1749; x_wconf 91' lang='lat' dir='ltr'><strong>uerso</strong></span> <span class='ocrx_word' id='word_1_108' title='bbox 512 1682 544 1750; x_wconf 92' lang='lat' dir='ltr'><strong>le</strong></span> <span class='ocrx_word' id='word_1_109' title='bbox 559 1703 640 1749; x_wconf 88' lang='lat' dir='ltr'><strong>cose</strong></span> <span class='ocrx_word' id='word_1_110' title='bbox 654 1683 711 1751; x_wconf 92' lang='lat' dir='ltr'><strong>del</strong></span> <span class='ocrx_word' id='word_1_111' title='bbox 727 1704 790 1748; x_wconf 92' lang='lat' dir='ltr'><strong>suo</strong></span> <span class='ocrx_word' id='word_1_112' title='bbox 803 1682 943 1749; x_wconf 89' lang='lat' dir='ltr'><strong>seruitio</strong></span> <span class='ocrx_word' id='word_1_113' title='bbox 959 1694 994 1749; x_wconf 83' lang='lat' dir='ltr'><strong>et</strong></span> <span class='ocrx_word' id='word_1_114' title='bbox 1009 1681 1032 1748; x_wconf 90' lang='lat' dir='ltr'><strong>l&#39;</strong></span> <span class='ocrx_word' id='word_1_115' title='bbox 1049 1692 1209 1750; x_wconf 88' lang='lat' dir='ltr'><strong>aumento</strong></span> <span class='ocrx_word' id='word_1_116' title='bbox 1225 1684 1314 1751; x_wconf 82' lang='lat' dir='ltr'>delle</span> <span class='ocrx_word' id='word_1_117' title='bbox 1328 1704 1409 1751; x_wconf 89' lang='lat' dir='ltr'><strong>cose</strong></span> <span class='ocrx_word' id='word_1_118' title='bbox 1425 1694 1549 1760; x_wconf 79' lang='lat' dir='ltr'><strong>nostre,</strong></span> <span class='ocrx_word' id='word_1_119' title='bbox 1562 1702 1608 1747; x_wconf 91' lang='lat' dir='ltr'><strong>or-</strong></span> 
     </span>
     <span class='ocr_line' id='line_1_12' title="bbox 394 1797 1612 1885; baseline -0.001 -21"><span class='ocrx_word' id='word_1_120' title='bbox 394 1797 510 1864; x_wconf 86' lang='lat' dir='ltr'><strong>dinate</strong></span> <span class='ocrx_word' id='word_1_121' title='bbox 522 1820 542 1864; x_wconf 92' lang='lat' dir='ltr'><strong>a</strong></span> <span class='ocrx_word' id='word_1_122' title='bbox 553 1799 681 1883; x_wconf 79' lang='lat' dir='ltr'><strong>quello,</strong></span> <span class='ocrx_word' id='word_1_123' title='bbox 696 1801 741 1865; x_wconf 87' lang='lat' dir='ltr'><strong>ha</strong></span> <span class='ocrx_word' id='word_1_124' title='bbox 753 1799 847 1865; x_wconf 89' lang='lat' dir='ltr'><strong>datto</strong></span> <span class='ocrx_word' id='word_1_125' title='bbox 859 1821 880 1865; x_wconf 91' lang='lat' dir='ltr'><strong>a</strong></span> <span class='ocrx_word' id='word_1_126' title='bbox 892 1800 930 1867; x_wconf 88' lang='lat' dir='ltr'><strong>S.</strong></span> <span class='ocrx_word' id='word_1_127' title='bbox 951 1800 989 1865; x_wconf 93' lang='lat' dir='ltr'><strong>E.</strong></span> <span class='ocrx_word' id='word_1_128' title='bbox 1011 1800 1054 1865; x_wconf 89' lang='lat' dir='ltr'><strong>Et</strong></span> <span class='ocrx_word' id='word_1_129' title='bbox 1069 1799 1093 1864; x_wconf 93' lang='lat' dir='ltr'><strong>il</strong></span> <span class='ocrx_word' id='word_1_130' title='bbox 1108 1798 1255 1885; x_wconf 85' lang='lat' dir='ltr'><strong>disegno</strong></span> <span class='ocrx_word' id='word_1_131' title='bbox 1270 1800 1314 1867; x_wconf 87' lang='lat' dir='ltr'><strong>de</strong></span> <span class='ocrx_word' id='word_1_132' title='bbox 1330 1799 1381 1865; x_wconf 83' lang='lat' dir='ltr'><strong>far</strong></span> <span class='ocrx_word' id='word_1_133' title='bbox 1398 1798 1432 1865; x_wconf 91' lang='lat' dir='ltr'><strong>in</strong></span> <span class='ocrx_word' id='word_1_134' title='bbox 1449 1799 1612 1865; x_wconf 64' lang='lat' dir='ltr'><strong>Catharrei</strong></span> 
     </span>
     <span class='ocr_line' id='line_1_13' title="bbox 394 1910 1608 2001; baseline -0.002 -23"><span class='ocrx_word' id='word_1_135' title='bbox 394 1914 539 1998; x_wconf 84' lang='lat' dir='ltr'>qualche</span> <span class='ocrx_word' id='word_1_136' title='bbox 556 1913 721 2000; x_wconf 91' lang='lat' dir='ltr'>principio</span> <span class='ocrx_word' id='word_1_137' title='bbox 737 1915 781 1981; x_wconf 93' lang='lat' dir='ltr'><strong>de</strong></span> <span class='ocrx_word' id='word_1_138' title='bbox 797 1913 956 2001; x_wconf 81' lang='lat' dir='ltr'><strong>collegio,</strong></span> <span class='ocrx_word' id='word_1_139' title='bbox 975 1936 1035 2001; x_wconf 88' lang='lat' dir='ltr'><strong>per</strong></span> <span class='ocrx_word' id='word_1_140' title='bbox 1051 1934 1145 1983; x_wconf 71' lang='lat' dir='ltr'>esser</span> <span class='ocrx_word' id='word_1_141' title='bbox 1160 1914 1196 1981; x_wconf 91' lang='lat' dir='ltr'><strong>in</strong></span> <span class='ocrx_word' id='word_1_142' title='bbox 1211 1915 1308 1981; x_wconf 85' lang='lat' dir='ltr'><strong>detto</strong></span> <span class='ocrx_word' id='word_1_143' title='bbox 1323 1916 1453 2001; x_wconf 87' lang='lat' dir='ltr'><strong>luogho</strong></span> <span class='ocrx_word' id='word_1_144' title='bbox 1465 1914 1498 1978; x_wconf 87' lang='lat' dir='ltr'><strong>la</strong></span> <span class='ocrx_word' id='word_1_145' title='bbox 1509 1910 1608 1991; x_wconf 81' lang='lat' dir='ltr'><strong>badia,</strong></span> 
     </span>
     <span class='ocr_line' id='line_1_14' title="bbox 394 2026 1613 2116; baseline -0.002 -23"><span class='ocrx_word' id='word_1_146' title='bbox 394 2050 475 2113; x_wconf 89' lang='lat' dir='ltr'><strong>pare</strong></span> <span class='ocrx_word' id='word_1_147' title='bbox 487 2028 589 2097; x_wconf 85' lang='lat' dir='ltr'><strong>etiarn</strong></span> <span class='ocrx_word' id='word_1_148' title='bbox 606 2030 713 2095; x_wconf 88' lang='lat' dir='ltr'><strong>molto</strong></span> <span class='ocrx_word' id='word_1_149' title='bbox 729 2029 969 2098; x_wconf 88' lang='lat' dir='ltr'><strong>conueniente.</strong></span> <span class='ocrx_word' id='word_1_150' title='bbox 990 2029 1057 2096; x_wconf 92' lang='lat' dir='ltr'><strong>Dio</strong></span> <span class='ocrx_word' id='word_1_151' title='bbox 1073 2030 1117 2097; x_wconf 92' lang='lat' dir='ltr'><strong>N.</strong></span> <span class='ocrx_word' id='word_1_152' title='bbox 1137 2030 1175 2099; x_wconf 91' lang='lat' dir='ltr'><strong>S.</strong></span> <span class='ocrx_word' id='word_1_153' title='bbox 1194 2029 1222 2095; x_wconf 92' lang='lat' dir='ltr'><strong>si</strong></span> <span class='ocrx_word' id='word_1_154' title='bbox 1237 2029 1344 2116; x_wconf 83' lang='lat' dir='ltr'>degni</span> <span class='ocrx_word' id='word_1_155' title='bbox 1360 2030 1422 2095; x_wconf 89' lang='lat' dir='ltr'><strong>dar</strong></span> <span class='ocrx_word' id='word_1_156' title='bbox 1433 2031 1467 2095; x_wconf 89' lang='lat' dir='ltr'><strong>la</strong></span> <span class='ocrx_word' id='word_1_157' title='bbox 1479 2026 1613 2096; x_wconf 86' lang='lat' dir='ltr'><strong>reuscita</strong></span> 
     </span>
     <span class='ocr_line' id='line_1_15' title="bbox 394 2140 1612 2233; baseline -0.002 -24"><span class='ocrx_word' id='word_1_158' title='bbox 394 2165 415 2209; x_wconf 91' lang='lat' dir='ltr'><strong>a</strong></span> <span class='ocrx_word' id='word_1_159' title='bbox 430 2143 462 2209; x_wconf 90' lang='lat' dir='ltr'><strong>la</strong></span> <span class='ocrx_word' id='word_1_160' title='bbox 476 2164 546 2209; x_wconf 90' lang='lat' dir='ltr'><strong>una</strong></span> <span class='ocrx_word' id='word_1_161' title='bbox 560 2158 595 2211; x_wconf 88' lang='lat' dir='ltr'><strong>et</strong></span> <span class='ocrx_word' id='word_1_162' title='bbox 612 2146 634 2209; x_wconf 90' lang='lat' dir='ltr'><strong>l’</strong></span> <span class='ocrx_word' id='word_1_163' title='bbox 652 2143 738 2211; x_wconf 85' lang='lat' dir='ltr'><strong>altra</strong></span> <span class='ocrx_word' id='word_1_164' title='bbox 753 2144 957 2213; x_wconf 83' lang='lat' dir='ltr'><strong>fondatione</strong></span> <span class='ocrx_word' id='word_1_165' title='bbox 973 2147 1039 2213; x_wconf 87' lang='lat' dir='ltr'><strong>che</strong></span> <span class='ocrx_word' id='word_1_166' title='bbox 1055 2145 1224 2215; x_wconf 90' lang='lat' dir='ltr'><strong>conuiene</strong></span> <span class='ocrx_word' id='word_1_167' title='bbox 1240 2166 1301 2233; x_wconf 84' lang='lat' dir='ltr'><strong>per</strong></span> <span class='ocrx_word' id='word_1_168' title='bbox 1315 2145 1339 2210; x_wconf 92' lang='lat' dir='ltr'><strong>il</strong></span> <span class='ocrx_word' id='word_1_169' title='bbox 1352 2144 1508 2232; x_wconf 87' lang='lat' dir='ltr'>maggior</span> <span class='ocrx_word' id='word_1_170' title='bbox 1519 2140 1612 2213; x_wconf 87' lang='lat' dir='ltr'><strong>serui·</strong></span> 
     </span>
     <span class='ocr_line' id='line_1_16' title="bbox 397 2259 725 2346; baseline 0.018 -22"><span class='ocrx_word' id='word_1_171' title='bbox 397 2259 457 2345; x_wconf 88' lang='lat' dir='ltr'><strong>gio</strong></span> <span class='ocrx_word' id='word_1_172' title='bbox 472 2271 507 2327; x_wconf 88' lang='lat' dir='ltr'><strong>et</strong></span> <span class='ocrx_word' id='word_1_173' title='bbox 523 2260 633 2346; x_wconf 85' lang='lat' dir='ltr'><strong>gloria</strong></span> <span class='ocrx_word' id='word_1_174' title='bbox 650 2282 725 2330; x_wconf 89' lang='lat' dir='ltr'><strong>sua.</strong></span> 
     </span>
    </p>

    <p class='ocr_par' dir='ltr' id='par_1_5' title="bbox 395 2372 1612 3045">
     <span class='ocr_line' id='line_1_17' title="bbox 461 2372 1611 2463; baseline -0.006 -19"><span class='ocrx_word' id='word_1_175' title='bbox 461 2378 588 2444; x_wconf 85' lang='lat' dir='ltr'><strong>Nostro</strong></span> <span class='ocrx_word' id='word_1_176' title='bbox 614 2377 723 2445; x_wconf 86' lang='lat' dir='ltr'><strong>Padre</strong></span> <span class='ocrx_word' id='word_1_177' title='bbox 745 2387 780 2445; x_wconf 87' lang='lat' dir='ltr'><strong>et</strong></span> <span class='ocrx_word' id='word_1_178' title='bbox 804 2378 901 2443; x_wconf 92' lang='lat' dir='ltr'><strong>molti</strong></span> <span class='ocrx_word' id='word_1_179' title='bbox 923 2377 1001 2444; x_wconf 86' lang='lat' dir='ltr'><strong>altri</strong></span> <span class='ocrx_word' id='word_1_180' title='bbox 1024 2377 1114 2445; x_wconf 89' lang='lat' dir='ltr'><strong>della</strong></span> <span class='ocrx_word' id='word_1_181' title='bbox 1137 2398 1217 2443; x_wconf 85' lang='lat' dir='ltr'><strong>casa</strong></span> <span class='ocrx_word' id='word_1_182' title='bbox 1239 2388 1274 2445; x_wconf 89' lang='lat' dir='ltr'><strong>et</strong></span> <span class='ocrx_word' id='word_1_183' title='bbox 1298 2375 1434 2463; x_wconf 88' lang='lat' dir='ltr'>collegii</span> <span class='ocrx_word' id='word_1_184' title='bbox 1459 2372 1560 2443; x_wconf 89' lang='lat' dir='ltr'>nostri</span> <span class='ocrx_word' id='word_1_185' title='bbox 1583 2372 1611 2437; x_wconf 91' lang='lat' dir='ltr'><strong>di</strong></span> 
     </span>
     <span class='ocr_line' id='line_1_18' title="bbox 395 2490 1612 2580; baseline -0.006 -20"><span class='ocrx_word' id='word_1_186' title='bbox 395 2494 505 2560; x_wconf 89' lang='lat' dir='ltr'><strong>Roma</strong></span> <span class='ocrx_word' id='word_1_187' title='bbox 520 2513 607 2559; x_wconf 87' lang='lat' dir='ltr'><strong>sono</strong></span> <span class='ocrx_word' id='word_1_188' title='bbox 622 2494 702 2559; x_wconf 84' lang='lat' dir='ltr'><strong>stati</strong></span> <span class='ocrx_word' id='word_1_189' title='bbox 717 2491 897 2579; x_wconf 87' lang='lat' dir='ltr'><strong>indisposti</strong></span> <span class='ocrx_word' id='word_1_190' title='bbox 914 2493 1027 2579; x_wconf 85' lang='lat' dir='ltr'>questi</span> <span class='ocrx_word' id='word_1_191' title='bbox 1050 2492 1174 2580; x_wconf 84' lang='lat' dir='ltr'><strong>giorni3</strong></span> <span class='ocrx_word' id='word_1_192' title='bbox 1199 2514 1253 2559; x_wconf 91' lang='lat' dir='ltr'><strong>ma</strong></span> <span class='ocrx_word' id='word_1_193' title='bbox 1270 2492 1327 2579; x_wconf 71' lang='lat' dir='ltr'><strong>gia</strong></span> <span class='ocrx_word' id='word_1_194' title='bbox 1350 2494 1393 2559; x_wconf 93' lang='lat' dir='ltr'><strong>N.</strong></span> <span class='ocrx_word' id='word_1_195' title='bbox 1421 2493 1460 2558; x_wconf 90' lang='lat' dir='ltr'><strong>P.</strong></span> <span class='ocrx_word' id='word_1_196' title='bbox 1484 2490 1512 2557; x_wconf 93' lang='lat' dir='ltr'><strong>si</strong></span> <span class='ocrx_word' id='word_1_197' title='bbox 1528 2500 1612 2555; x_wconf 86' lang='lat' dir='ltr'><strong>troua</strong></span> 
     </span>
     <span class='ocr_line' id='line_1_19' title="bbox 395 2602 1610 2694; baseline -0.007 -17"><span class='ocrx_word' id='word_1_198' title='bbox 395 2608 483 2677; x_wconf 88' lang='lat' dir='ltr'><strong>bene</strong></span> <span class='ocrx_word' id='word_1_199' title='bbox 499 2608 531 2674; x_wconf 87' lang='lat' dir='ltr'><strong>al</strong></span> <span class='ocrx_word' id='word_1_200' title='bbox 547 2608 661 2675; x_wconf 84' lang='lat' dir='ltr'><strong>solito.</strong></span> <span class='ocrx_word' id='word_1_201' title='bbox 682 2612 748 2675; x_wconf 90' lang='lat' dir='ltr'><strong>Per</strong></span> <span class='ocrx_word' id='word_1_202' title='bbox 764 2621 886 2694; x_wconf 83' lang='lat' dir='ltr'><strong>queste</strong></span> <span class='ocrx_word' id='word_1_203' title='bbox 903 2607 1064 2675; x_wconf 76' lang='lat' dir='ltr'><strong>infirmita</strong></span> <span class='ocrx_word' id='word_1_204' title='bbox 1080 2608 1114 2674; x_wconf 94' lang='lat' dir='ltr'><strong>in</strong></span> <span class='ocrx_word' id='word_1_205' title='bbox 1132 2619 1228 2694; x_wconf 85' lang='lat' dir='ltr'><strong>parte</strong></span> <span class='ocrx_word' id='word_1_206' title='bbox 1241 2630 1323 2694; x_wconf 86' lang='lat' dir='ltr'><strong>pare</strong></span> <span class='ocrx_word' id='word_1_207' title='bbox 1334 2628 1373 2675; x_wconf 83' lang='lat' dir='ltr'><strong>se</strong></span> <span class='ocrx_word' id='word_1_208' title='bbox 1384 2606 1510 2673; x_wconf 88' lang='lat' dir='ltr'><strong>inclina</strong></span> <span class='ocrx_word' id='word_1_209' title='bbox 1522 2606 1562 2671; x_wconf 93' lang='lat' dir='ltr'><strong>N.</strong></span> <span class='ocrx_word' id='word_1_210' title='bbox 1578 2602 1610 2670; x_wconf 88' lang='lat' dir='ltr'><strong>P.</strong></span> 
     </span>
     <span class='ocr_line' id='line_1_20' title="bbox 396 2720 1611 2811; baseline -0.005 -21"><span class='ocrx_word' id='word_1_211' title='bbox 396 2745 498 2790; x_wconf 88' lang='lat' dir='ltr'><strong>anon</strong></span> <span class='ocrx_word' id='word_1_212' title='bbox 511 2724 652 2790; x_wconf 84' lang='lat' dir='ltr'><strong>mandat</strong></span> <span class='ocrx_word' id='word_1_213' title='bbox 667 2735 773 2810; x_wconf 86' lang='lat' dir='ltr'><strong>gente</strong></span> <span class='ocrx_word' id='word_1_214' title='bbox 790 2746 849 2810; x_wconf 88' lang='lat' dir='ltr'><strong>per</strong></span> <span class='ocrx_word' id='word_1_215' title='bbox 864 2724 887 2789; x_wconf 88' lang='lat' dir='ltr'><strong>il</strong></span> <span class='ocrx_word' id='word_1_216' title='bbox 904 2723 1049 2811; x_wconf 86' lang='lat' dir='ltr'><strong>collegio</strong></span> <span class='ocrx_word' id='word_1_217' title='bbox 1065 2723 1100 2791; x_wconf 91' lang='lat' dir='ltr'><strong>di</strong></span> <span class='ocrx_word' id='word_1_218' title='bbox 1115 2724 1263 2791; x_wconf 84' lang='lat' dir='ltr'><strong>Genoua</strong></span> <span class='ocrx_word' id='word_1_219' title='bbox 1278 2723 1355 2790; x_wconf 84' lang='lat' dir='ltr'><strong>sino</strong></span> <span class='ocrx_word' id='word_1_220' title='bbox 1370 2724 1404 2788; x_wconf 90' lang='lat' dir='ltr'><strong>al</strong></span> <span class='ocrx_word' id='word_1_221' title='bbox 1418 2720 1611 2799; x_wconf 76' lang='lat' dir='ltr'><strong>settembre,</strong></span> 
     </span>
     <span class='ocr_line' id='line_1_21' title="bbox 396 2834 1612 2928; baseline -0.006 -23"><span class='ocrx_word' id='word_1_222' title='bbox 396 2851 620 2926; x_wconf 81' lang='lat' dir='ltr'><strong>quantunque</strong></span> <span class='ocrx_word' id='word_1_223' title='bbox 646 2841 719 2907; x_wconf 88' lang='lat' dir='ltr'><strong>loro</strong></span> <span class='ocrx_word' id='word_1_224' title='bbox 746 2840 804 2928; x_wconf 69' lang='lat' dir='ltr'><strong>gia</strong></span> <span class='ocrx_word' id='word_1_225' title='bbox 832 2843 948 2907; x_wconf 90' lang='lat' dir='ltr'><strong>hanno</strong></span> <span class='ocrx_word' id='word_1_226' title='bbox 974 2840 1106 2921; x_wconf 83' lang='lat' dir='ltr'><strong>scritto,</strong></span> <span class='ocrx_word' id='word_1_227' title='bbox 1136 2840 1328 2907; x_wconf 87' lang='lat' dir='ltr'><strong>mandando</strong></span> <span class='ocrx_word' id='word_1_228' title='bbox 1357 2836 1485 2906; x_wconf 88' lang='lat' dir='ltr'><strong>uiatico</strong></span> <span class='ocrx_word' id='word_1_229' title='bbox 1513 2858 1568 2923; x_wconf 89' lang='lat' dir='ltr'><strong>per</strong></span> <span class='ocrx_word' id='word_1_230' title='bbox 1592 2834 1612 2899; x_wconf 91' lang='lat' dir='ltr'><strong>il</strong></span> 
     </span>
     <span class='ocr_line' id='line_1_22' title="bbox 395 2954 1307 3045; baseline -0.001 -23"><span class='ocrx_word' id='word_1_231' title='bbox 395 2955 550 3043; x_wconf 86' lang='lat' dir='ltr'><strong>uiaggio‚</strong></span> <span class='ocrx_word' id='word_1_232' title='bbox 567 2966 603 3024; x_wconf 89' lang='lat' dir='ltr'><strong>et</strong></span> <span class='ocrx_word' id='word_1_233' title='bbox 620 2957 769 3024; x_wconf 88' lang='lat' dir='ltr'><strong>tenendo</strong></span> <span class='ocrx_word' id='word_1_234' title='bbox 786 2977 864 3024; x_wconf 83' lang='lat' dir='ltr'><strong>casa</strong></span> <span class='ocrx_word' id='word_1_235' title='bbox 882 2955 918 3021; x_wconf 90' lang='lat' dir='ltr'><strong>in</strong></span> <span class='ocrx_word' id='word_1_236' title='bbox 933 2955 1054 3024; x_wconf 88' lang='lat' dir='ltr'><strong>ordine</strong></span> <span class='ocrx_word' id='word_1_237' title='bbox 1071 2978 1132 3045; x_wconf 91' lang='lat' dir='ltr'><strong>per</strong></span> <span class='ocrx_word' id='word_1_238' title='bbox 1147 2956 1171 3021; x_wconf 94' lang='lat' dir='ltr'><strong>li</strong></span> <span class='ocrx_word' id='word_1_239' title='bbox 1188 2954 1307 3021; x_wconf 85' lang='lat' dir='ltr'><strong>nostri.</strong></span> 
     </span>
    </p>

    <p class='ocr_par' dir='ltr' id='par_1_6' title="bbox 394 3064 1612 3275">
     <span class='ocr_line' id='line_1_23' title="bbox 462 3064 1612 3157; baseline -0.008 -18"><span class='ocrx_word' id='word_1_240' title='bbox 462 3073 657 3139; x_wconf 79' lang='lat' dir='ltr'><strong>Altraeosa</strong></span> <span class='ocrx_word' id='word_1_241' title='bbox 672 3095 741 3140; x_wconf 92' lang='lat' dir='ltr'><strong>non</strong></span> <span class='ocrx_word' id='word_1_242' title='bbox 757 3093 897 3141; x_wconf 85' lang='lat' dir='ltr'><strong>occorre</strong></span> <span class='ocrx_word' id='word_1_243' title='bbox 912 3072 997 3151; x_wconf 87' lang='lat' dir='ltr'>dire,</span> <span class='ocrx_word' id='word_1_244' title='bbox 1016 3094 1053 3139; x_wconf 87' lang='lat' dir='ltr'><strong>se</strong></span> <span class='ocrx_word' id='word_1_245' title='bbox 1069 3092 1137 3139; x_wconf 90' lang='lat' dir='ltr'><strong>non</strong></span> <span class='ocrx_word' id='word_1_246' title='bbox 1155 3070 1262 3140; x_wconf 87' lang='lat' dir='ltr'>chesi</span> <span class='ocrx_word' id='word_1_247' title='bbox 1275 3064 1612 3157; x_wconf 80' lang='lat' dir='ltr'><strong>seguitailcorsodei</strong></span> 
     </span>
     <span class='ocr_line' id='line_1_24' title="bbox 394 3186 1101 3275; baseline 0.001 -23"><span class='ocrx_word' id='word_1_248' title='bbox 394 3187 514 3253; x_wconf 89' lang='lat' dir='ltr'><strong>diuino</strong></span> <span class='ocrx_word' id='word_1_249' title='bbox 529 3187 681 3275; x_wconf 83' lang='lat' dir='ltr'><strong>seruigio</strong></span> <span class='ocrx_word' id='word_1_250' title='bbox 697 3188 786 3256; x_wconf 87' lang='lat' dir='ltr'><strong>nella</strong></span> <span class='ocrx_word' id='word_1_251' title='bbox 801 3209 881 3255; x_wconf 69' lang='lat' dir='ltr'><strong>casa</strong></span> <span class='ocrx_word' id='word_1_252' title='bbox 897 3199 933 3256; x_wconf 88' lang='lat' dir='ltr'><strong>et</strong></span> <span class='ocrx_word' id='word_1_253' title='bbox 948 3186 1101 3273; x_wconf 84' lang='lat' dir='ltr'>collegii.</span> 
     </span>
    </p>

    <p class='ocr_par' dir='ltr' id='par_1_7' title="bbox 461 3300 1467 3371">
     <span class='ocr_line' id='line_1_25' title="bbox 461 3300 1467 3371; baseline -0.004 0"><span class='ocrx_word' id='word_1_254' title='bbox 461 3303 540 3371; x_wconf 76' lang='lat' dir='ltr'><strong>Aue</strong></span> <span class='ocrx_word' id='word_1_255' title='bbox 555 3301 700 3370; x_wconf 83' lang='lat' dir='ltr'><strong>orationi</strong></span> <span class='ocrx_word' id='word_1_256' title='bbox 715 3303 749 3368; x_wconf 93' lang='lat' dir='ltr'><strong>di</strong></span> <span class='ocrx_word' id='word_1_257' title='bbox 767 3304 808 3370; x_wconf 93' lang='lat' dir='ltr'><strong>V.</strong></span> <span class='ocrx_word' id='word_1_258' title='bbox 827 3306 867 3371; x_wconf 88' lang='lat' dir='ltr'><strong>R.</strong></span> <span class='ocrx_word' id='word_1_259' title='bbox 887 3302 968 3369; x_wconf 87' lang='lat' dir='ltr'><strong>tutti</strong></span> <span class='ocrx_word' id='word_1_260' title='bbox 985 3304 1092 3371; x_wconf 87' lang='lat' dir='ltr'><strong>molto</strong></span> <span class='ocrx_word' id='word_1_261' title='bbox 1108 3302 1140 3368; x_wconf 90' lang='lat' dir='ltr'><strong>ci</strong></span> <span class='ocrx_word' id='word_1_262' title='bbox 1157 3300 1467 3369; x_wconf 87' lang='lat' dir='ltr'><strong>raccomandiamo.</strong></span> 
     </span>
    </p>

    <p class='ocr_par' dir='ltr' id='par_1_8' title="bbox 461 3419 1004 3504">
     <span class='ocr_line' id='line_1_26' title="bbox 461 3419 1004 3504; baseline -0.002 -20"><span class='ocrx_word' id='word_1_263' title='bbox 461 3420 514 3484; x_wconf 92' lang='lat' dir='ltr'><strong>De</strong></span> <span class='ocrx_word' id='word_1_264' title='bbox 531 3419 639 3484; x_wconf 88' lang='lat' dir='ltr'><strong>Roma</strong></span> <span class='ocrx_word' id='word_1_265' title='bbox 655 3436 696 3500; x_wconf 80' lang='lat'><strong>27</strong></span> <span class='ocrx_word' id='word_1_266' title='bbox 712 3420 747 3483; x_wconf 91' lang='lat' dir='ltr'><strong>d’</strong></span> <span class='ocrx_word' id='word_1_267' title='bbox 766 3419 885 3504; x_wconf 83' lang='lat' dir='ltr'>Aprile</span> <span class='ocrx_word' id='word_1_268' title='bbox 908 3433 1004 3501; x_wconf 79' lang='lat'><strong>1554.</strong></span> 
     </span>
    </p>

    <p class='ocr_par' dir='ltr' id='par_1_9' title="bbox 461 3532 1361 3619">
     <span class='ocr_line' id='line_1_27' title="bbox 461 3532 1361 3619; baseline -0.003 -21"><span class='ocrx_word' id='word_1_269' title='bbox 461 3534 657 3619; x_wconf 77' lang='lat' dir='ltr'><strong>Inscriptio.</strong></span> <span class='ocrx_word' id='word_1_270' title='bbox 684 3534 729 3599; x_wconf 85' lang='lat' dir='ltr'><strong>At</strong></span> <span class='ocrx_word' id='word_1_271' title='bbox 747 3534 786 3600; x_wconf 92' lang='lat' dir='ltr'><strong>P.</strong></span> <span class='ocrx_word' id='word_1_272' title='bbox 806 3536 908 3601; x_wconf 87' lang='lat' dir='ltr'><strong>Mtro.</strong></span> <span class='ocrx_word' id='word_1_273' title='bbox 929 3532 1129 3600; x_wconf 84' lang='lat' dir='ltr'><strong>Hieronimo</strong></span> <span class='ocrx_word' id='word_1_274' title='bbox 1146 3533 1361 3599; x_wconf 86' lang='lat' dir='ltr'><strong>Domenech.</strong></span> 
     </span>
    </p>
   </div>
   <div class='ocr_carea' id='block_1_3' title="bbox 447 3744 1562 3818">
    <p class='ocr_par' dir='ltr' id='par_1_10' title="bbox 447 3744 1562 3818">
     <span class='ocr_line' id='line_1_28' title="bbox 447 3744 1562 3818; baseline 0.001 -18"><span class='ocrx_word' id='word_1_275' title='bbox 447 3764 461 3789; x_wconf 75' lang='lat' dir='ltr'><strong>a</strong></span> <span class='ocrx_word' id='word_1_276' title='bbox 498 3745 587 3818; x_wconf 79' lang='lat' dir='ltr'><strong>podra</strong></span> <span class='ocrx_word' id='word_1_277' title='bbox 600 3764 656 3802; x_wconf 87' lang='lat' dir='ltr'><strong>ms.</strong></span> <span class='ocrx_word' id='word_1_278' title='bbox 695 3748 745 3789; x_wconf 85' lang='lat' dir='ltr'><strong>-b</strong></span> <span class='ocrx_word' id='word_1_279' title='bbox 765 3745 943 3801; x_wconf 70' lang='lat' dir='ltr'><strong>Scihloms.</strong></span> <span class='ocrx_word' id='word_1_280' title='bbox 985 3760 1035 3789; x_wconf 79' lang='lat' dir='ltr'><strong>-c</strong></span> <span class='ocrx_word' id='word_1_281' title='bbox 1054 3746 1163 3801; x_wconf 82' lang='lat' dir='ltr'><strong>Proteo</strong></span> <span class='ocrx_word' id='word_1_282' title='bbox 1176 3762 1232 3801; x_wconf 66' lang='lat' dir='ltr'><strong>me</strong></span> <span class='ocrx_word' id='word_1_283' title='bbox 1269 3747 1319 3787; x_wconf 77' lang='lat' dir='ltr'><strong>-d</strong></span> <span class='ocrx_word' id='word_1_284' title='bbox 1339 3744 1495 3801; x_wconf 67' lang='lat' dir='ltr'><strong>innatantia</strong></span> <span class='ocrx_word' id='word_1_285' title='bbox 1509 3760 1562 3801; x_wconf 76' lang='lat' dir='ltr'><strong>ms.</strong></span> 
     </span>
    </p>
   </div>
   <div class='ocr_carea' id='block_1_4' title="bbox 399 3872 594 3885">
    <p class='ocr_par' dir='ltr' id='par_1_11' title="bbox 399 3872 594 3885">
     <span class='ocr_line' id='line_1_29' title="bbox 399 3872 594 3885; baseline 0.01 -6"><span class='ocrx_word' id='word_1_286' title='bbox 399 3872 594 3885; x_wconf 61' lang='grc'><strong>--..-,-</strong></span> 
     </span>
    </p>
   </div>
   <div class='ocr_carea' id='block_1_5' title="bbox 447 3942 1001 4268">
    <p class='ocr_par' dir='ltr' id='par_1_12' title="bbox 448 3942 761 4014">
     <span class='ocr_line' id='line_1_30' title="bbox 448 3942 761 4014; baseline 0.01 -17"><span class='ocrx_word' id='word_1_287' title='bbox 448 3942 459 3973; x_wconf 82' lang='grc'><em>“</em></span> <span class='ocrx_word' id='word_1_288' title='bbox 495 3944 626 4014; x_wconf 77' lang='lat' dir='ltr'><strong>Jacobus</strong></span> <span class='ocrx_word' id='word_1_289' title='bbox 639 3942 761 4000; x_wconf 81' lang='lat' dir='ltr'><strong>Puteus.</strong></span> 
     </span>
    </p>

    <p class='ocr_par' dir='ltr' id='par_1_13' title="bbox 447 4028 876 4104">
     <span class='ocr_line' id='line_1_31' title="bbox 447 4028 876 4104; baseline -0.005 -17"><span class='ocrx_word' id='word_1_290' title='bbox 447 4034 459 4066; x_wconf 78' lang='lat'><strong>⁶</strong></span> <span class='ocrx_word' id='word_1_291' title='bbox 497 4028 876 4104; x_wconf 68' lang='lat' dir='ltr'><strong>Epist.Miatae,1v‚123.</strong></span> 
     </span>
    </p>

    <p class='ocr_par' dir='ltr' id='par_1_14' title="bbox 448 4118 1001 4268">
     <span class='ocr_line' id='line_1_32' title="bbox 448 4118 1001 4193; baseline 0.004 -16"><span class='ocrx_word' id='word_1_292' title='bbox 448 4125 457 4157; x_wconf 71' lang='lat'>²</span> <span class='ocrx_word' id='word_1_293' title='bbox 495 4122 627 4193; x_wconf 73' lang='lat' dir='ltr'><strong>Jmnues</strong></span> <span class='ocrx_word' id='word_1_294' title='bbox 641 4120 735 4191; x_wconf 75' lang='lat' dir='ltr'>Vega,</span> <span class='ocrx_word' id='word_1_295' title='bbox 750 4118 869 4175; x_wconf 75' lang='lat' dir='ltr'>Siciliae</span> <span class='ocrx_word' id='word_1_296' title='bbox 883 4136 1001 4192; x_wconf 80' lang='lat' dir='ltr'><strong>prorex.</strong></span> 
     </span>
     <span class='ocr_line' id='line_1_33' title="bbox 449 4211 673 4268; baseline 0.004 -2"><span class='ocrx_word' id='word_1_297' title='bbox 449 4216 460 4246; x_wconf 82' lang='lat'><strong>&#39;¹</strong></span> <span class='ocrx_word' id='word_1_298' title='bbox 499 4211 623 4267; x_wconf 76' lang='lat' dir='ltr'><strong>Carolus</strong></span> <span class='ocrx_word' id='word_1_299' title='bbox 636 4212 673 4268; x_wconf 87' lang='lat' dir='ltr'><strong>V.</strong></span> 
     </span>
    </p>
   </div>
   <div class='ocr_carea' id='block_1_6' title="bbox 0 0 1788 5409">
    <p class='ocr_par' dir='ltr' id='par_1_15' title="bbox 0 0 1788 5409">
     <span class='ocr_line' id='line_1_34' title="bbox 0 0 1788 5409; baseline 0 0"><span class='ocrx_word' id='word_1_300' title='bbox 0 0 1788 5409; x_wconf 95' lang='lat' dir='ltr'><strong> </strong></span> 
     </span>
    </p>
   </div>
  </div>
 </body>
</html>
