3567 5409
417 447 472 517 52⁶
712 501 713 504 ,
792 451 999 506 Monnussnrr
1024 451 1202 505 lenimine

928 606 1034 687 4³⁰⁰

346 819 351 830 .
429 738 569 804 emm
593 738 825 823 Qumrmo
849 740 1109 807 CHARLART
1139 741 1199 806 ET
1223 738 1391 807 umens
1416 738 1560 808 socrrs

792 874 879 917 noue
906 862 941 917 28
961 876 1070 919 ursin
1094 876 1164 933 1554
1183 864 1202 919 ¹.
1295 924 1299 934 ,

387 988 605 1043 Testimonium
618 990 655 1043 de
671 988 820 1056 Quintino
840 987 986 1043 Charlort
998 987 1122 1061 ejusque
1134 988 1222 1045 sociis
1239 988 1298 1044 iter
1312 988 1494 1044 Flandrium
1509 1004 1605 1043 vermes

765 1097 801 1132 ex
812 1078 982 1133 obedientia
994 1078 1233 1149 suscipientibus.

953 1240 1045 1361 lhirs.

451 1436 606 1523 lgnatins
621 1436 664 1503 de
680 1438 820 1522 Loyola,
838 1437 1023 1507 societatis
1039 1441 1123 1525 Jesu
1141 1409 1354 1524 praepositus
1370 1436 1548 1523 generalis.

453 1552 625 1619 Omnibus
641 1551 706 1633 his,
725 1552 784 1637 qui
800 1552 918 1620 literas
933 1554 1038 1620 hasce
1055 1553 1201 1639 legerint
1219 1555 1273 1620 uel
1289 1550 1497 1631 audiuerint,
1517 1552 1604 1619 salu-

386 1679 453 1735 tem
472 1667 507 1733 in
525 1666 672 1734 Domino
685 1668 941 1755 sempiternam.

453 1784 542 1851 Cum
559 1783 702 1851 dilectos
719 1783 840 1850 fratres
856 1796 993 1851 nostros
1009 1786 1150 1853 Mtrum.
1170 1782 1375 1869 Quintinum
1392 1782 1562 1861 Charlart,
1575 1793 1607 1849 et

385 1904 525 1969 Mtrum.
544 1898 734 1965 Antonium
752 1898 969 1979 Boucletum,
988 1920 1028 1967 ac
1045 1902 1187 1970 Mtrum.
1209 1898 1400 1967 Adrianum
1418 1898 1606 1967 Candidum

385 2027 420 2085 et
437 2018 578 2085 Petrum
600 2014 803 2095 Adrianum,
822 2015 962 2083 natione
985 2016 1147 2095 flandros,
1171 2036 1292 2084 uersus
1314 1998 1489 2101 regionem
1508 2013 1606 2094 illam,

387 2131 511 2217 partim
534 2130 752 2210 ualetudinis,
777 2130 899 2216 partim
922 2129 1027 2198 studii
1048 2130 1172 2217 gratia,
1196 2130 1318 2216 partim
1340 2141 1378 2196 ut
1398 2130 1554 2197 laborent
1576 2129 1607 2193 in

387 2247 488 2316 uinea
511 2246 663 2329 Domini,
687 2246 873 2315 mittendos
897 2246 1145 2327 censuerimus
1171 2270 1215 2315 ne
1239 2248 1327 2313 forte
1348 2246 1425 2331 quis
1440 2245 1607 2313 existimet

387 2384 449 2431 eos
464 2362 600 2449 propria
622 2362 800 2432 uoluntate
823 2373 884 2429 aut
899 2362 1012 2448 aliqua
1033 2361 1230 2429 hominibus
1252 2360 1420 2448 religiosis
1439 2372 1474 2429 et
1496 2360 1608 2446 pietati

387 2477 511 2545 deditis
527 2477 669 2564 indigna
685 2478 817 2545 ratione
834 2488 945 2545 motos
961 2481 1027 2545 hoc
1043 2477 1107 2546 iter
1122 2477 1324 2557 instituisse,
1344 2498 1402 2563 per
1418 2479 1524 2545 hasce
1540 2476 1609 2545 lite·

389 2617 443 2661 ras
459 2605 627 2679 patentes,
649 2594 742 2679 quod
757 2614 800 2659 ex
816 2594 1012 2662 obedientia
1028 2596 1094 2661 hoc
1109 2594 1175 2661 iter
1191 2592 1417 2678 susceperint,
1441 2593 1535 2677 quod
1551 2612 1608 2659 no·

388 2709 441 2776 bis
455 2731 573 2777 eorum
597 2708 665 2775 uita
681 2719 716 2775 et
738 2732 849 2779 mores
870 2711 1016 2777 multum
1041 2709 1077 2775 in
1092 2708 1241 2777 Domino
1258 2708 1391 2794 probati
1413 2707 1494 2787 sint,
1519 2705 1608 2775 testi-

388 2824 542 2894 monium
557 2805 743 2893 reddimus.
763 2826 963 2909 Omnesque
981 2827 1115 2905 iratres,
1133 2825 1198 2891 sub
1217 2823 1411 2891 obedientia
1432 2820 1610 2893 Societatis

389 2952 524 3008 nostrae
553 2940 696 3007 ubilibet
724 2940 896 3021 uiuentes,
919 2954 957 3007 ut
985 2960 1045 3008 eos
1061 2951 1223 3026 tanquam
1252 2938 1374 3007 fratres
1394 2938 1608 3005 charissimos

389 3056 577 3142 suscipiant
592 3066 627 3122 et
643 3056 693 3123 eis
708 3056 884 3123 eharitatis
900 3055 1011 3123 officia
1027 3066 1220 3141 opportuna
1238 3065 1423 3141 praestent,
1438 3054 1475 3119 in
1493 3051 1609 3121 Domi-

389 3194 435 3238 no
451 3172 673 3240 exhortamur
687 3183 723 3241 et
739 3192 915 3257 rogamus.

457 3289 599 3364 Romae,
623 3288 658 3352 in
680 3286 825 3355 aedibus
845 3286 1027 3355 societatis
1049 3297 1196 3366 nostrae,
1220 3285 1284 3352 V.⁰
1304 3286 1464 3353 calendas
1492 3282 1612 3370 Aprilis

391 3402 616 3471 M.D.Lllll.⁰

1242 3517 1432 3583 lenimus.

379 3672 383 3681 ·
455 3635 580 3699 Exstat
596 3634 755 3720 sigillum
772 3633 949 3698 Societotis
960 3632 1058 3718 jesu.

443 3895 450 3924 ¹
489 3893 533 3946 Ex
550 3894 723 3963 archetypo,
742 3889 822 3963 quod
839 3888 1024 3945 Bollandiani
1046 3889 1149 3945 Patres
1166 3888 1312 3945 Bruxellis
1330 3889 1471 3959 religiose
1488 3897 1611 3945 servant.

390 3985 495 4037 Exstat
512 3973 680 4053 exemplum
698 3981 728 4035 in
745 3978 848 4035 codice
868 3978 986 4035 Decrot.
1001 3984 1029 4033 et
1048 3980 1150 4043 instr,
1169 3977 1219 4034 iol.
1236 3993 1297 4047 451.
1322 3979 1545 4034 Monumentum
1564 3980 1614 4033 hoc

390 4072 501 4126 editum
519 4069 574 4125 fuit
589 4070 618 4125 in
635 4087 724 4141 opere
746 4069 1002 4124 L'itablissement
1022 4070 1060 4123 de
1076 4068 1108 4122 la
1124 4065 1311 4140 Compngnie
1330 4068 1366 4123 cle
1379 4066 1470 4140 Jesus
1488 4068 1565 4123 dans
1576 4066 1614 4123 les

391 4161 557 4230 PaysBas,
581 4157 735 4230 Appenn,
753 4174 820 4229 pag.
843 4156 861 4211 8
878 4157 905 4211 ³¹¹.
925 4156 1052 4225 (Extrait
1069 4156 1107 4210 de
1127 4157 1154 4210 la
1177 4157 1280 4211 Revue
1302 4156 1407 4211 Preces
1428 4158 1612 4227 historiques.

394 4248 486 4316 1886).
