3567 5409
516 477 620 536 Errsr.
639 475 794 548 mom-23
813 479 966 549 Jauusarr
986 490 1055 549 ¹554
1323 477 1372 536 231

202 631 260 698 nali
273 633 332 698 che
347 630 376 698 si
391 629 483 698 dessi
499 631 521 696 l’
539 644 717 718 assumpto
737 632 773 698 di
793 643 915 718 questa
938 653 1043 719 opera
1062 633 1129 698 alla
1144 633 1360 721 Compagnia
1375 634 1410 701 di

193 749 280 836 Jesd,
297 745 350 814 cui
365 746 474 813 offitio
489 749 510 813 e
526 745 606 814 nelli
622 747 746 835 collegi
762 747 839 816 suoi
859 748 1023 835 insegnar
1043 747 1156 816 littere
1170 759 1206 818 el
1221 749 1329 816 buoni
1349 769 1409 816 co-

195 863 288 929 stumi
299 861 454 943 insieme,
468 873 503 930 et
516 883 582 930 con
596 875 692 930 tanto
707 865 801 930 buon
814 884 976 955 successo
988 865 1011 930 l'
1027 885 1096 931 uno
1111 876 1147 932 et
1162 861 1185 930 l'
1197 865 1284 932 altro
1299 876 1326 945 ⁸,
1342 886 1409 932 con

194 979 224 1044 la
238 978 346 1046 diuina
361 978 486 1066 gratia,
499 979 536 1046 in
548 980 701 1068 Spagna‚
716 980 930 1068 Portugallo,
944 980 1074 1061 Sicilia,
1088 981 1186 1048 ltalia
1201 991 1237 1047 et
1252 983 1337 1050 altre
1350 1004 1408 1050 na·

192 1094 270 1160 tioni
285 1094 343 1180 piri
358 1095 495 1176 rimote,
513 1098 578 1162 che
593 1096 831 1166 meritamente
842 1097 870 1163 si
887 1119 988 1184 spera
999 1097 1151 1164 habbino
1163 1098 1206 1164 de
1224 1099 1275 1164 far
1291 1099 1406 1184 quello

190 1211 290 1278 frutlo
304 1211 340 1277 in
355 1223 480 1298 questo
495 1212 654 1300 collegio,
668 1215 735 1280 che
751 1211 779 1281 si
797 1214 885 1282 uede
898 1215 1014 1281 hanno
1027 1214 1112 1281 fatto
1125 1225 1161 1281 et
1174 1212 1323 1281 tuttauia
1334 1214 1407 1281 fan·

190 1346 233 1390 no
247 1327 323 1394 nelli
339 1327 429 1394 altri.

251 1443 287 1510 li
308 1441 408 1529 primi
428 1445 495 1514 che
516 1466 710 1531 pensorono
729 1458 765 1513 et
785 1446 813 1512 si
835 1448 998 1516 offersero
1024 1445 1059 1512 di
1079 1445 1262 1533 aggiutare
1285 1456 1407 1531 questa
1514 1514 1518 1522 ,

187 1576 283 1641 opera
299 1559 424 1626 iurono
439 1560 462 1626 il
474 1560 624 1630 cardinal
638 1564 775 1644 Moron,
790 1563 897 1632 Senta
914 1563 949 1651 †,
963 1562 1081 1649 Carpi,
1095 1563 1170 1630 Sto.
1183 1564 1328 1650 Jacobo,
1342 1561 1407 1628 Pa·

187 1670 313 1754 ciecho,
331 1674 422 1744 della
438 1677 575 1758 Cueua,
594 1677 638 1744 de
659 1669 866 1764 ln'glaterra‚
884 1689 919 1746 et
940 1679 1104 1764 Augusta
1124 1677 1150 1758 ¹;
1168 1689 1204 1746 et
1227 1699 1407 1764 represen-

189 1787 284 1870 tando
299 1791 331 1857 la
346 1771 430 1858 cosa
445 1814 465 1858 a
482 1793 519 1862 S.
539 1793 592 1874 S„
611 1793 634 1859 li
650 1796 669 1860 ὁ
686 1813 787 1880 parso
799 1798 909 1880 (come
924 1815 945 1859 a
960 1793 1040 1859 tutti
1052 1793 1137 1879 loro)
1149 1813 1218 1860 non
1234 1794 1405 1860 solamen-

95 1925 96 1933 *
189 1909 220 1967 le
235 1906 370 1990 optimo,
389 1929 444 1973 ma
460 1907 557 1992 quasi
574 1909 677 1976 unico
690 1907 834 1976 rimedio
849 1909 883 1975 di
905 1929 1111 1977 conseruare
1131 1910 1247 1994 quello
1264 1911 1332 1976 che
1352 1931 1405 1978 re·

189 2025 247 2097 sta,
260 2034 293 2088 et
304 2033 496 2090 restaurare
508 2026 622 2110 quello
635 2027 731 2092 chee
748 2047 848 2112 perso
862 2025 952 2094 della
968 2023 1148 2112 relligione
1164 2023 1347 2091 catholica.
1363 2025 1405 2091 Et
1423 2046 1426 2055 ’

110 2123 113 2130 ’
190 2135 254 2199 cosi
268 2138 303 2203 fu
319 2139 473 2226 espedita
489 2139 521 2206 la
537 2141 630 2207 bulla
646 2142 735 2208 della
751 2141 919 2210 erettione
935 2141 970 2207 di
982 2152 1105 2226 questo
1121 2139 1280 2227 collegio,
1294 2152 1329 2207 et
1342 2162 1404 2206 no·

193 2247 296 2318 minati
319 2278 379 2341 per
406 2257 444 2324 S.
468 2257 505 2325 S.
529 2255 552 2322 li
574 2258 776 2343 protectori,
803 2259 854 2324 fra
877 2257 926 2344 gli
950 2259 1043 2342 quali
1064 2279 1149 2324 sono
1172 2257 1222 2343 gli
1247 2256 1344 2322 lllmi.
1370 2267 1405 2325 et

196 2357 269 2432 ani.
286 2371 326 2439 de
344 2372 452 2439 Bellai
468 2373 494 2450 ³,
513 2373 627 2460 Carpi,
646 2375 721 2442 Sto.
735 2375 879 2463 Jacobo,
897 2377 1005 2444 Santa
1020 2375 1148 2453 Croce,
1168 2376 1309 2452 Moron,
1328 2374 1405 2440 Au-

195 2489 291 2566 gusta3
307 2499 343 2556 et
360 2487 444 2554 fatte
460 2489 583 2556 alcune
598 2489 837 2556 constitutioni
854 2511 915 2576 per
936 2489 961 2554 il
976 2489 1044 2556 line
1060 2489 1169 2570 detto,
1187 2490 1303 2556 etsie
1320 2489 1406 2556 fatto

193 2595 275 2661 uenis
289 2603 390 2670 alcun
407 2625 551 2670 numero
566 2607 609 2672 de
625 2605 747 2672 scolari
763 2605 806 2673 de
822 2605 931 2672 buoni
947 2603 1103 2691 ingegni,
1118 2616 1154 2672 et
1169 2625 1256 2670 sono
1272 2603 1330 2692 gie
1343 2605 1400 2670 nel

184 2701 320 2800 collegio
341 2720 542 2806 germanico
561 2718 688 2786 incirca
710 2737 752 2804 50
773 2742 936 2807 persone,
960 2741 1025 2787 con
1048 2732 1137 2788 treo
1157 2730 1296 2805 quattro
1312 2720 1401 2786 della

197 2824 387 2922 ⁰¹¹¹uagnia
408 2834 441 2900 di
459 2838 544 2924 Jesir
565 2856 625 2922 per
646 2835 669 2900 il
690 2856 848 2921 gouerno
871 2837 946 2902 loro
965 2846 1001 2904 et
1021 2834 1398 2921 accompagniamento,

155 2913 296 3022 peisshe
313 2972 383 3018 non
400 2951 430 3018 si
451 2951 602 3020 lasciano
624 2952 717 3018 uscir
734 2952 831 3019 iuora
846 2951 882 3017 di
898 2973 978 3018 casa
994 2973 1031 3018 se
1047 2969 1116 3016 non
1139 2950 1175 3016 in
1196 2950 1401 3037 compagnia

163 3071 253 3154 loru,
272 3088 335 3152 per
351 3065 447 3132 leuar
463 3068 496 3135 la
512 3068 711 3135 occassione
726 3067 769 3134 de
790 3066 1050 3134 inconuenienti
1072 3068 1139 3134 che
1160 3066 1316 3152 potriano
1338 3089 1400 3134 na·
1446 3104 1449 3110 ·

171 3189 279 3262 ,ciere
294 3203 333 3248 se
350 3183 537 3249 andassero
552 3181 567 3222 ¹³
582 3183 657 3250 soli.

235 3299 277 3364 Et
298 3319 319 3364 a
340 3309 444 3364 canto
459 3298 493 3365 di
515 3310 638 3384 questo
659 3299 806 3386 collegio
830 3296 1030 3385 germanico
1052 3298 1083 3364 ci
1104 3299 1186 3366 eun
1204 3297 1290 3363 altro
1306 3296 1398 3365 della

174 3413 386 3500 Compagnia
401 3413 436 3480 di
448 3416 532 3502 Jesd
549 3415 575 3494 ⁴,
593 3416 684 3483 doue
699 3415 728 3482 si
744 3416 898 3502 leggono
914 3425 1003 3482 tutte
1019 3416 1051 3483 le
1066 3412 1223 3494 scientie,
1242 3413 1338 3478 suora
1354 3413 1399 3480 de

174 3528 338 3596 medicina
354 3541 390 3597 et
405 3529 511 3616 leggi,
530 3550 595 3597 con
616 3531 719 3598 molta
740 3529 919 3617 diligentia
940 3543 975 3596 et
992 3528 1175 3608 assiduitis,
1189 3539 1224 3596 et
1239 3550 1260 3594 a
1275 3538 1398 3612 questo

175 3643 314 3730 collegio
331 3665 494 3731 uengono
511 3645 534 3712 li
546 3644 728 3716 thudeschi
741 3668 799 3732 per
814 3645 921 3713 sentir
933 3647 965 3714 le
977 3645 1110 3713 lettioni
1122 3660 1158 3711 et
1174 3644 1195 3709 l’
1208 3643 1286 3712 altri
1298 3664 1396 3710 exer·

177 3759 238 3826 citii
254 3759 440 3843 scolastioi3
458 3774 494 3830 et
509 3761 580 3850 gia,
598 3783 662 3828 con
680 3761 713 3828 lo
732 3763 847 3828 buono
863 3761 1033 3847 essempio
1048 3763 1113 3827 che
1129 3763 1245 3827 hanno
1261 3771 1296 3828 et
1308 3759 1396 3824 buo·

176 3873 509 3958 niamaestramenti,
528 3877 632 3945 senno
648 3888 745 3944 tanto
762 3879 870 3944 frutto
886 3877 976 3944 nella
993 3876 1079 3944 uitta
1094 3886 1128 3944 et
1144 3874 1313 3956 doctrina,
1330 3873 1396 3942 che

179 4007 380 4018 n—-ss

220 4087 233 4114 ⁸
268 4074 342 4128 latro
356 4091 414 4128 ms.
455 4075 506 4118 -b
524 4071 675 4129 andissino
685 4091 741 4131 ms.

221 4254 231 4285 ²
265 4253 470 4314 Recenseutur
492 4245 539 4308 hii:
562 4251 712 4324 purpurari
736 4252 883 4324 principes
907 4253 1036 4323 Joannes
1060 4252 1214 4320 Moronus,
1238 4249 1394 4304 Marcellus

181 4339 321 4411 Cervinus,
333 4341 507 4413 Rodulphus
519 4342 590 4396 Pius
603 4340 773 4414 Carpensis,
784 4343 914 4413 Joannes
927 4341 1103 4396 Alvarezius
1111 4338 1149 4394 de
1159 4339 1275 4409 Toleto,
1289 4337 1394 4393 Petrus

183 4428 326 4502 Pachecus,
338 4431 581 4486 Bartholomaeus
594 4429 632 4486 de
645 4433 673 4486 la
685 4431 798 4501 Cueva,
812 4431 996 4501 Reginaldus
1010 4430 1097 4484 Polus
1110 4437 1141 4483 et
1151 4426 1224 4485 Otto
1233 4427 1395 4482 Truchses·

185 4518 239 4578 sius.
252 4519 326 4576 Vide
338 4537 437 4593 supra,
452 4519 505 4589 lV,
519 4517 650 4592 339-342,
669 4517 799 4590 348-352.

222 4609 232 4642 l
265 4611 393 4681 joannes
406 4609 546 4680 Bellajus,
561 4609 716 4666 cardlnalis
731 4609 912 4682 parisiensis.

223 4701 238 4776 ⁸,
265 4699 384 4756 Scilicet
396 4697 554 4770 collegium
567 4715 731 4755 romanum.
748 4699 823 4755 Vide
838 4701 978 4773 epistolas
990 4697 1072 4769 3931,
1086 4695 1275 4768 39443946...
