3567 5409
515 491 617 551 Ense.
637 489 792 559 3987.-16
810 490 997 547 Dscarrssrs
1018 488 1087 563 1553

754 643 856 726 3987

365 774 505 843 PATRI
530 776 752 844 PHILIPPO
776 776 964 845 LEERNO
987 776 1051 845 Ex
1074 774 1227 847 COMM.

562 912 650 956 noun
670 901 902 955 insusurrans
922 898 992 971 1553
1011 900 1031 961 ¹.

178 1034 318 1108 Acceptis
334 1034 447 1091 litteris
463 1034 831 1107 rasponum-Sociorum
844 1035 963 1105 gratiis
980 1034 1112 1091 Loermu
1126 1039 1155 1099 ot
1173 1033 1346 1093 Patarinus
1365 1053 1413 1093 or·

234 1129 363 1181 nentur:
375 1124 427 1179 illi
439 1126 565 1181 rectoris
576 1125 745 1180 audoritas
762 1122 1096 1183 ernustum-Labores
1109 1125 1195 1183 ultra
1207 1126 1288 1183 uiros
1300 1144 1338 1181 no
1346 1143 1415 1182 ms·

235 1214 542 1283 abiuntum-Patri
570 1212 674 1269 Violae
695 1214 918 1285 nequidquam
933 1214 1011 1269 dosii
1026 1214 1325 1274 curabunt-Boua
1342 1232 1414 1271 con·

237 1304 308 1358 silin
329 1308 361 1357 ut
379 1307 457 1359 recte
476 1302 647 1375 praepositi
668 1320 794 1358 munera
806 1300 1167 1375 sanguina-Famulus
1182 1306 1225 1359 ad
1240 1306 1405 1361 domestica

236 1392 432 1447 adhibeatur.

251 1538 323 1605 Pax
340 1535 483 1604 Christi.

248 1651 459 1719 Charissirno
477 1654 516 1719 P.
538 1655 640 1720 Mtr0.
661 1652 835 1739 Philippo.

249 1766 482 1836 Riceuessimo
496 1766 555 1833 doi
572 1769 691 1835 lettere
706 1768 749 1835 de
765 1768 874 1853 prirno
889 1779 924 1833 et
942 1769 1018 1836 8de
1029 1769 1234 1849 Decembre,
1248 1769 1292 1835 de
1305 1770 1349 1837 V.
1366 1771 1407 1837 R.

182 1884 224 1949 Et
240 1894 369 1968 quanto
385 1884 451 1949 alla
466 1892 607 1970 patente
623 1904 683 1969 per
699 1904 797 1951 ussat
816 1884 848 1951 le
869 1883 981 1971 gratie
1000 1886 1066 1949 che
1086 1882 1245 1971 sogliono
1264 1884 1287 1949 li
1308 1885 1411 1971 parti·

180 1998 284 2065 colari
299 2000 390 2067 della
405 2000 631 2085 Compagnia‚
649 1998 708 2083 qui
725 1998 754 2067 si
770 2000 907 2080 manda,
924 1999 1015 2067 doue
1035 1998 1137 2067 etiam
1158 2000 1187 2069 si
1209 2001 1411 2068 concedano

180 2118 317 2183 aMtro.
337 2114 475 2183 Giouan
493 2116 647 2183 Lorenzo
663 2116 687 2181 ¹.
708 2116 807 2183 Oltra
822 2115 856 2181 di
880 2114 994 2199 questi
1015 2117 1058 2183 N.
1085 2118 1123 2182 P.
1148 2115 1191 2182 da
1213 2140 1233 2184 a
1254 2116 1297 2183 V.
1324 2117 1365 2186 R.
1388 2115 1409 2183 l'

179 2232 343 2298 auttoriti
358 2232 393 2297 di
410 2242 547 2309 restore,
566 2232 666 2316 quale
687 2231 705 2297 ὲ
728 2231 832 2317 perii
854 2231 959 2297 nostri
980 2231 1015 2297 di
1036 2253 1128 2311 casa,
1150 2242 1186 2299 et
1206 2254 1267 2317 per
1287 2243 1410 2316 questo

179 2368 248 2412 non
266 2347 392 2413 accede
409 2358 559 2433 patente:
578 2368 615 2413 se
631 2368 695 2432 pur
711 2346 879 2426 accadesi,
898 2347 926 2413 si
943 2347 1118 2415 manderi.

246 2466 349 2529 Mtro.
364 2462 506 2529 Giouan
525 2464 678 2531 Lorenzo
694 2484 761 2530 non
779 2462 807 2527 si
824 2462 983 2529 affatiche
1000 2472 1134 2549 troppo,
1157 2474 1191 2529 et
1208 2464 1252 2531 V.
1277 2465 1319 2529 R.
1343 2484 1408 2529 con

176 2576 225 2643 lui
253 2576 407 2664 pigfiono
435 2578 666 2671 moderatione
694 2579 783 2647 nelle
810 2576 952 2648 fatiche.
982 2578 1007 2643 ll
1035 2577 1221 2647 medesimn
1240 2578 1270 2645 si
1290 2579 1409 2647 dicaa

177 2695 280 2761 Mtro.
307 2694 475 2761 Andrea³
497 2716 557 2779 per
580 2706 674 2779 parte
697 2694 731 2759 di
756 2694 801 2761 N.
827 2695 883 2773 Ρ.,
912 2705 947 2759 et
974 2696 1039 2760 che
1065 2693 1095 2761 si
1122 2692 1202 2761 lassi
1229 2692 1409 2780 giudicare

174 2810 316 2893 quando
332 2809 429 2876 basta
445 2810 477 2875 la
493 2808 620 2876 fatiche
636 2820 671 2875 et
687 2830 756 2875 non
774 2831 873 2894 passa
890 2809 988 2876 oltra.

245 2924 292 2992 ΑΙ
314 2926 424 2993 Padre
444 2924 640 2991 comissario
661 2924 790 2991 sidera
811 2924 931 2992 ordine
950 2944 1049 2990 como
1073 2924 1122 2991 sia
1141 2924 1297 3011 prouisto
1318 2924 1409 2994 delle

174 3060 257 3107 cose
274 3040 482 3109 necessarie.

243 3154 346 3223 Circa
366 3156 389 3221 l’
411 3156 616 3223 instrutione
636 3156 714 3224 dell'
738 3156 846 3224 offitio
870 3166 999 3237 nostru,
1023 3155 1271 3243 risguardando
1293 3156 1408 3241 quelle

173 3270 231 3336 del
250 3271 362 3339 Padre
376 3272 444 3337 don
461 3272 606 3339 Cessare
623 3274 648 3351 ⁸,
667 3274 733 3339 che
749 3270 799 3339 sia
819 3271 855 3337 in
875 3271 998 3358 gloria,
1025 3272 1161 3355 potretti
1181 3270 1353 3357 pigliarne
1375 3271 1408 3337 la

173 3397 272 3471 parte
288 3390 353 3454 che
368 3388 548 3467 conuiene,
566 3399 601 3457 et
617 3390 714 3457 seda
730 3389 926 3474 qualchuno
942 3388 1180 3481 [du]uitaretti,
1198 3386 1309 3455 datise
1332 3386 1406 3453 aui·

172 3522 226 3582 s0;
241 3512 276 3567 et
289 3502 390 3570 etiam
403 3524 502 3571 como
516 3524 604 3572 uano
619 3505 651 3571 le
666 3525 749 3573 cose
766 3505 942 3590 temporali
958 3516 994 3573 et
1009 3502 1188 3590 spirituali,
1206 3512 1241 3571 et
1256 3504 1289 3570 la
1305 3503 1407 3569 scho-

173 3618 219 3697 la,
238 3627 274 3685 et
289 3619 322 3685 la
337 3619 578 3687 beneuolentia
599 3632 633 3689 et
654 3621 801 3707 aggiuto
822 3623 887 3689 che
908 3620 951 3685 dir
973 3618 1173 3703 monsignor
1196 3620 1207 3653 ⁵
1228 3628 1264 3685 et
1284 3618 1309 3683 l’
1330 3616 1408 3684 altri

128 3811 132 3821 Ι
173 3732 380 3814 modenessi,
398 3744 433 3801 et
449 3732 471 3799 il
492 3735 598 3801 frutto
614 3737 678 3802 che
694 3756 753 3821 per
770 3735 792 3801 il
809 3734 928 3802 diuino
944 3734 1096 3821 seruigio
1111 3734 1140 3801 si
1156 3754 1243 3801 caua
1263 3732 1319 3799 del
1335 3734 1407 3798 col-

172 3847 266 3935 legio
283 3841 450 3917 nostruin
468 3851 627 3930 Modena‚
646 3852 774 3936 perche
790 3850 818 3918 si
835 3850 945 3936 putria
961 3871 1086 3937 pensar
1105 3872 1126 3918 a
1146 3850 1295 3934 qualche
1312 3870 1406 3915 nouo

173 3962 332 4051 disegno,
351 3986 388 4031 se
404 3965 437 4033 le
453 3985 533 4034 cose
548 3964 583 4032 di
600 3966 632 4031 li
650 3988 719 4033 non
738 3988 826 4033 uano
844 3989 903 4053 per
919 3966 942 4031 il
958 3988 1023 4034 suo
1040 3988 1153 4034 uersu.

239 4080 307 4148 Gis
335 4084 381 4147 ho
408 4080 527 4147 scritto
551 4083 638 4149 altra
662 4084 754 4149 uolta
775 4086 855 4163 che,
877 4103 946 4148 non
968 4080 1170 4169 aspettando
1191 4078 1349 4147 seruitori
1370 4078 1404 4144 di

250 4251 375 4259 --—---·—-

227 4352 234 4383 ¹
273 4350 318 4405 Ex
330 4351 433 4407 codice
446 4352 566 4425 Rogant.
580 4352 625 4416 ΙΙ,
638 4352 689 4412 fol.
706 4354 764 4410 16r.

226 4444 236 4475 ¹
274 4442 403 4511 joannes
417 4442 593 4498 Laurentius
606 4442 770 4499 Patarinus.

225 4533 237 4566 ⁸
275 4530 408 4587 Andreas
422 4532 624 4603 Boninssgna.

228 4624 240 4655 ⁴
276 4620 386 4675 Caesar
399 4618 582 4679 Averssnus.

225 4714 237 4745 ⁸
274 4708 418 4780 Aegidius
431 4711 632 4767 Foscararius.
