3567 5409
379 471 431 528 282
758 471 966 540 Monotranre
986 470 1164 526 tenerum

410 625 546 694 Adesso
560 623 745 691 habbiamo
761 623 921 693 riceuuto
937 645 983 690 vn
999 623 1090 712 plico
1109 623 1154 692 de
1170 625 1291 692 lettere
1306 624 1351 692 de
1371 624 1417 690 V.
1435 623 1492 702 R„
1509 621 1581 690 alle

343 741 445 826 quate
461 761 522 826 per
537 761 607 806 non
623 742 731 808 hauer
749 751 864 827 tempo
884 741 989 807 credo
1011 761 1082 806 non
1105 751 1205 825 poter
1225 738 1432 827 respondere
1455 747 1583 823 questa

344 853 543 926 settimana.

410 971 472 1039 Sia
482 974 566 1061 Jesa
582 971 722 1040 Christo
738 971 774 1038 in
790 972 937 1060 aggiuto
954 974 1104 1041 et-iauor
1120 986 1248 1039 nostro.
1267 973 1396 1041 Amen.

411 1090 609 1174 Inscriptio.
629 1088 789 1171 Modena.
810 1091 877 1158 Per
894 1091 997 1157 Mtro.
1020 1087 1188 1175 Philippo.

640 1343 643 1350 .
918 1271 1012 1350 4132

509 1402 650 1468 PATRI
674 1403 701 1468 F
704 1403 942 1472 RANCISCO
969 1403 1150 1472 PALMIO
1175 1403 1237 1469 EX
1265 1403 1419 1470 COMM.

731 1539 820 1584 norm
838 1525 856 1583 3
874 1539 1046 1584 rraaunmr
1067 1540 1136 1597 1554
1156 1531 1177 1586 ¹.

352 1657 469 1714 Violom
485 1657 591 1713 »notius
604 1657 707 1714 volero
722 1639 935 1732 gaudet—De
950 1662 1159 1730 comparando
1173 1666 1232 1732 pro
1243 1660 1334 1714 sociis
1349 1658 1586 1714 bononiensibus

677 1749 740 1804 loco
758 1749 861 1822 magia
872 1749 991 1805 idoneo.
1000 1779 1024 1789 -
1032 1749 1119 1805 Laeti
1130 1750 1244 1805 nuntii.

415 1885 487 1950 Pax
503 1883 644 1951 Christi.

413 1998 649 2068 Riceuessimo
665 1999 779 2086 quelle
801 2001 845 2070 de
866 2002 922 2080 26,
940 2011 976 2067 et
996 2001 1103 2068 molto
1120 2001 1151 2067 ci
1172 2000 1426 2088 rallegrassimo
1446 1999 1501 2068 nei
1517 1998 1579 2068 Si-

346 2136 438 2201 gnor
454 2127 571 2182 nostro
591 2114 624 2181 d'
640 2115 819 2184 intendere
839 2117 893 2183 ch'
911 2115 934 2181 11
952 2117 1063 2185 Padre
1078 2115 1304 2184 comissario*
1325 2115 1426 2184 stessi
1451 2113 1582 2201 meglio

348 2239 383 2297 et
399 2251 502 2298 sanzo
518 2231 626 2311 febre;
644 2251 800 2316 speramo
817 2231 906 2298 nella
928 2253 991 2298 sua
1006 2230 1123 2299 diuina
1148 2231 1252 2298 bonti
1269 2234 1319 2319 gli
1341 2232 1458 2299 leuari
1472 2230 1580 2298 etiam

346 2345 369 2410 11
389 2357 535 2427 catarr0,
553 2345 629 2434 etsi
644 2345 774 2414 seruirir
790 2345 895 2414 dellui
915 2367 1041 2413 ancora
1057 2369 1102 2413 vn
1120 2359 1234 2434 tempo
1255 2347 1346 2414 nella
1362 2357 1464 2414 terra.
1488 2345 1513 2412 11
1529 2345 1578 2411 ri·

346 2463 452 2528 cordo
468 2465 533 2529 che
548 2463 592 2528 dri
604 2463 648 2529 V.
663 2463 704 2530 R.
723 2462 814 2529 circa
827 2462 858 2529 la
875 2483 938 2531 sua
954 2484 1100 2549 persona
1112 2485 1193 2550 pare
1204 2463 1310 2530 molto
1321 2464 1412 2530 bene
1423 2484 1444 2528 a
1457 2461 1501 2528 N.
1517 2463 1576 2540 Ρ.,

346 2590 382 2646 et
397 2577 514 2646 vedasi
530 2577 553 2642 il
569 2578 716 2664 collegio
727 2580 794 2646 che
807 2577 864 2663 pio
876 2578 1106 2647 conueniente
1118 2579 1263 2646 sarebbe
1275 2599 1335 2665 per
1346 2599 1410 2644 sua
1422 2575 1577 2646 residen-

298 2781 301 2789 ,
348 2694 406 2774 tia,
423 2704 459 2760 et
474 2715 493 2760 a
509 2694 624 2780 quello
636 2693 666 2758 si
682 2693 843 2760 mandeti
857 2713 958 2762 corne
973 2693 1023 2762 sia
1036 2704 1151 2780 tempo
1166 2691 1199 2760 d’
1213 2692 1331 2760 vscire.
1346 2695 1391 2760 Et
1406 2714 1475 2760 non
1487 2693 1578 2759 hab-

346 2808 403 2875 bia
418 2807 659 2876 sollecitudine
679 2811 815 2888 alcuna,
837 2828 936 2876 come
958 2810 1017 2896 gii
1036 2809 1059 2874 li
1080 2809 1099 2876 1
1119 2820 1210 2876 stato
1230 2809 1362 2877 scritto.
1386 2809 1430 2876 Et
1453 2819 1581 2894 questo

348 2925 394 2992 V.
419 2925 459 2992 R.
479 2923 502 2989 11
519 2923 628 2992 faccia
643 2923 833 3005 intendere,
852 2935 887 2992 et
903 2924 928 2990 li
949 2924 1056 2992 faccia
1072 2925 1176 2992 etiam
1198 2927 1355 2993 mostrar'
1374 2934 1495 3011 quarte
1511 2925 1585 2991 let·

348 3051 420 3108 tere
436 3037 502 3107 del'
519 3039 625 3118 India,
643 3039 735 3126 quali
750 3038 773 3105 l'
790 3040 876 3108 altra
892 3039 1075 3107 settimana
1093 3061 1163 3108 non
1178 3042 1369 3109 andorono.

374 3235 377 3242 ¹
413 3157 463 3224 La
478 3155 595 3224 chiesa
611 3157 655 3224 de
671 3168 771 3224 santo
788 3157 962 3224 Thomaso
985 3157 1040 3223 del
1064 3159 1218 3226 Mercato
1235 3179 1316 3243 pare
1332 3156 1577 3226 conueniente.

349 3271 374 3337 11
389 3272 491 3338 modo
507 3274 541 3338 d'
560 3273 702 3340 hauerla
718 3293 800 3357 pare
816 3295 836 3340 a
857 3273 902 3339 N.
923 3275 964 3339 P.
987 3271 1011 3338 il
1029 3272 1215 3341 medesimo
1230 3274 1297 3342 che
1312 3274 1344 3340 al
1367 3283 1470 3340 conte
1485 3274 1584 3339 Ben-

347 3386 492 3474 tiuoglio
507 3390 534 3470 ³,
552 3409 589 3454 se
605 3387 633 3454 si
651 3387 777 3474 potessi
796 3389 879 3458 fare.
898 3389 975 3457 Con
991 3400 1127 3474 questo,
1146 3391 1273 3474 perche
1284 3389 1396 3474 pende
1411 3389 1455 3455 de
1470 3389 1582 3457 molte

347 3501 592 3572 circunstantie
608 3501 817 3590 particulari,
842 3527 861 3569 a
878 3505 922 3571 V.
943 3505 984 3572 R.
1004 3503 1131 3591 meglio
1154 3504 1238 3584 noti,
1258 3504 1282 3570 il
1297 3504 1444 3590 giuditio
1460 3503 1583 3584 dicio,

315 3669 316 3676 .
352 3620 393 3686 N.
413 3620 453 3685 P.
472 3619 500 3686 si
518 3619 652 3689 rimette
668 3641 688 3686 a
704 3620 819 3705 quello
833 3621 901 3690 che
918 3624 1037 3707 pareri
1052 3643 1072 3687 a
1085 3622 1130 3688 V.
1146 3623 1202 3703 R„
1217 3633 1422 3708 presuposto
1434 3621 1513 3702 che,
1532 3630 1587 3688 te-

350 3756 411 3802 ner
426 3757 446 3800 a
460 3737 494 3802 la
510 3736 614 3822 longa
630 3735 748 3805 chiesa
764 3757 829 3802 con
846 3758 929 3804 cura
945 3737 980 3802 d’
998 3736 1124 3817 anime,
1143 3759 1211 3804 non
1228 3738 1259 3804 ci
1277 3736 1468 3805 conuiene.

404 3967 412 4000 ⁹
451 3967 495 4022 Ex
508 3967 609 4024 codice
625 3968 742 4040 Regest.
758 3968 800 4032 II,
814 3967 865 4024 iol.
880 3968 946 4038 46v.
1145 3971 1157 4004 ¹
1196 3971 1328 4042 Joarrnee
1341 3970 1410 4027 Bta.
1423 3968 1522 4028 Viola.

405 4057 417 4090 ⁸
453 4056 568 4112 Marcus
582 4057 742 4126 Antonius,
756 4073 858 4113 comes
871 4058 909 4114 de
919 4057 1121 4129 Bentivoglio.
1132 4058 1180 4114 Ad
1190 4076 1252 4114 rem
1263 4059 1447 4130 Potentem,
1459 4057 1587 4123 Cicron„

350 4145 404 4212 IV,
421 4157 481 4214 114:
497 4143 600 4212 «Quod
613 4145 721 4202 attinet
734 4146 771 4202 ad
785 4149 881 4202 locum
899 4147 1027 4219 aliquem
1041 4147 1266 4216 inveniendum,
1283 4147 1334 4220 qui
1348 4147 1443 4218 magis
1460 4147 1588 4203 idoneus

350 4243 430 4289 esset
442 4251 529 4307 quam
544 4235 670 4290 Sanctae
684 4235 804 4305 Luciae‚
819 4245 882 4291 toto
896 4235 959 4292 fere
971 4237 1028 4292 hoc
1040 4253 1117 4292 anno
1130 4246 1229 4292 actum
1242 4244 1299 4310 est;
1314 4247 1346 4292 et
1357 4237 1452 4310 primo
1464 4234 1587 4309 quidem

349 4322 386 4378 de
400 4324 527 4380 ecclesia
540 4323 597 4382 Sti.
610 4325 742 4380 Thomae
754 4324 802 4380 del
817 4327 959 4386 Mercato.
973 4325 1082 4381 deinde
1094 4326 1132 4382 de
1142 4325 1207 4382 Sto.
1218 4325 1404 4382 Columbano
1415 4333 1515 4382 actum
1525 4335 1587 4396 θείς

349 4421 380 4467 et
394 4429 451 4467 non
464 4414 559 4468 solum
573 4413 748 4486 Episcopus,
762 4414 815 4470 sed
829 4416 919 4470 etiam
933 4414 1100 4471 Cardinalis
1114 4416 1257 4487 Poggius,
1269 4415 1320 4488 qui
1332 4432 1371 4471 ex
1385 4415 1529 4488 Hispania
1540 4432 1589 4471 re·

348 4500 434 4556 diens
445 4502 605 4558 Bononiam
616 4507 704 4576 (quae
715 4503 808 4575 ipsius
819 4513 881 4560 erat
893 4505 1008 4576 patria),
1020 4520 1139 4560 omnem
1149 4522 1233 4560 suam
1242 4521 1364 4576 operam
1372 4505 1510 4572 contulit3
1520 4503 1586 4578 red,

351 4607 383 4645 re
397 4599 519 4662 tentata,
534 4607 589 4646 nec
603 4592 739 4664 parochia
752 4592 809 4652 Sti.
824 4593 956 4649 Thomae
970 4611 1026 4650 nec
1035 4594 1092 4654 sti.
1107 4593 1284 4651 Columbani
1294 4593 1449 4650 commode
1458 4594 1589 4651 obtineri

355 4677 479 4751 potuit.»
