3567 5409
404 487 459 557 osa
784 486 992 542 nonnum
1010 485 1189 543 lunarum

434 642 501 709 Del
515 641 621 707 modo
634 640 669 705 di
686 639 816 720 uiuere,
834 660 873 708 se
886 640 925 705 in
945 660 1015 707 una
1030 649 1120 707 terra
1140 660 1163 706 o
1186 638 1222 705 in
1242 640 1340 719 altra,
1362 638 1399 707 d'
1424 649 1590 707 entrateo

369 759 413 826 de
432 755 601 837 iimosiue,
624 776 705 842 pare
725 755 774 823 sia
796 755 1026 824 conueniente
1048 757 1222 823 consultat
1242 754 1277 821 di
1297 755 1329 822 lai
1349 756 1405 823 coi
1425 756 1466 823 P.
1492 756 1590 822 Mtro

364 872 523 941 *Adriano
537 876 563 952 ’‚
584 882 621 940 et
635 869 659 936 ii
681 873 722 938 P.
745 870 919 957 Quintino
935 872 960 953 ⁸,
983 881 1019 939 et
1038 870 1062 937 il
1085 872 1126 937 P.
1144 869 1299 939 Antonio
1318 872 1331 905 ⁴
1349 870 1454 957 (quali
1476 870 1591 938 adoran

370 988 473 1054 credo
485 986 582 1053 siano
591 984 697 1053 uicini
708 1002 730 1054 a·
741 986 902 1067 Fiandra,
916 998 951 1053 er
967 988 1059 1054 forsa
1074 987 1184 1074 gionti
1197 1008 1217 1053 a
1229 986 1366 1071 quella),
1384 997 1421 1053 et
1432 984 1592 1053 racciasi=

367 1103 482 1188 quello
497 1114 693 1182 trouerano,
710 1101 928 1169 considerate
943 1102 976 1171 ie
990 1102 1248 1182 eircunstantie,
1271 1122 1364 1169 esser
1386 1100 1446 1187 piu
1468 1121 1589 1169 conue-

369 1218 499 1286 niente.

436 1336 503 1409 De}
518 1336 590 1401 fare
605 1335 738 1420 pariare
753 1356 775 1400 o
795 1333 947 1402 scriuere
966 1334 1023 1403 alli
1044 1334 1183 1401 vescoui
1197 1334 1242 1403 de
1262 1332 1419 1401 Τοτιιαὶὅ
1441 1342 1478 1401 et
1498 1333 1591 1399 Cam·

371 1448 467 1517 brai·
483 1472 551 1516 non
574 1449 662 1517 seria
682 1450 781 1533 male,
804 1462 840 1517 et
860 1472 925 1535 pur
946 1470 1015 1517 non
1031 1452 1062 1516 c'
1081 1452 1101 1517 ὲ
1117 1470 1266 1517 nessuno
1291 1449 1348 1536 piu
1371 1451 1405 1516 al
1420 1448 1590 1536 proposito
1674 1465 1677 1472 '

371 1568 436 1634 che
451 1564 475 1631 il
491 1564 642 1634 cardinal
657 1567 701 1632 de
721 1567 744 1631 l'
761 1566 963 1653 lnghilterra
979 1569 988 1599 ⁷
1005 1588 1027 1631 o
1047 1564 1071 1630 il
1091 1564 1242 1633 cardinal
1260 1566 1305 1635 de
1327 1566 1465 1651 Burgus
1485 1566 1511 1643 ⁸,
1533 1566 1591 1631 che

369 1702 455 1749 sono
471 1682 509 1748 di
518 1682 567 1749 u.
586 1682 698 1749 Etiam
722 1683 797 1749 sarri
814 1682 846 1748 al
864 1681 1037 1768 proposito
1057 1680 1080 1747 il
1096 1681 1249 1748 nuncio⁸
1270 1680 1305 1749 di
1321 1682 1359 1751 S.
1383 1682 1437 1761 S.‚
1457 1681 1555 1765 quale
1574 1680 1590 1746 ὲ

369 1798 475 1868 molto
489 1808 605 1864 nostro
617 1798 734 1884 padre,
752 1808 788 1865 et
800 1798 981 1877 beneuoIo,
1000 1808 1035 1867 et
1050 1796 1140 1865 seria
1152 1799 1240 1867 bene
1252 1797 1456 1883 adoperarlo
1469 1796 1503 1862 in
1516 1816 1591 1863 oose

368 1912 487 1981 simile

436 2031 577 2114 Quanto
597 2030 627 2095 al
649 2040 739 2095 stare
755 2028 789 2094 di
806 2029 851 2096 V.
870 2031 912 2097 R.
936 2029 972 2095 in
992 2028 1159 2109 Louanio,
1178 2027 1305 2095 Tornai
1327 2049 1348 2093 o
1371 2024 1540 2103 altroued.
1564 2026 1590 2092 si

367 2145 515 2211 consulti
535 2144 649 2223 etiarn,
674 2156 709 2210 et
729 2146 774 2212 N.
799 2147 838 2211 P.
862 2144 891 2211 si
907 2144 1053 2227 rimette3
1076 2156 1111 2211 et
1127 2142 1199 2213 cosi
1215 2145 1271 2211 del
1291 2158 1383 2211 stare
1398 2144 1474 2209 solo
1496 2162 1589 2207 oac-

369 2270 611 2345 compagnatO,
630 2272 696 2329 etc.
716 2350 720 2356 ⁵

434 2377 499 2444 Del
516 2368 670 2461 predicar
685 2396 752 2441 con
771 2385 865 2442 cotta
881 2377 899 2442 ὲ
921 2396 1001 2442 cosa
1023 2375 1192 2442 ordinaria
1212 2374 1268 2441 alli
1285 2374 1404 2441 nostri.
1433 2372 1590 2441 Predicar

366 2512 470 2559 senza
481 2502 575 2557 cotta
586 2490 688 2558 etiam
704 2492 723 2558 ὲ
739 2513 820 2559 cosa
837 2502 945 2558 usata.
961 2492 1041 2558 Non
1055 2492 1144 2557 uedo
1159 2489 1427 2559 inconueniente
1442 2490 1509 2555 nel'
1523 2510 1588 2555 una

365 2607 410 2701 ni
423 2597 535 2675 anche
551 2606 618 2672 nel'
636 2607 722 2674 altra
736 2617 840 2692 parte:
859 2607 903 2674 V.
924 2609 965 2673 R.
984 2606 1091 2674 faccia
1107 2628 1206 2675 come
1222 2604 1349 2692 meglio
1364 2604 1388 2670 li
1406 2604 1536 2691 pareri.

435 2696 479 2789 Ei
496 2722 575 2789 tutti
587 2722 619 2789 ci
635 2723 932 2789 raecomandiamo
947 2724 1036 2793 nelle
1052 2744 1114 2789 sue
1130 2721 1289 2789 orationi.

436 2838 460 2901 ΙΙ
476 2849 490 2877 ⁰
506 2837 542 2903 P.
560 2839 622 2904 Dr.
641 2838 767 2905 Olauio
782 2849 819 2906 et
833 2838 856 2903 il
875 2840 914 2905 P.
933 2836 1136 2907 Sebastiano
1156 2840 1179 2871 ¹⁰
1195 2837 1299 2904 etiam
1315 2856 1400 2903 sono
1416 2835 1497 2903 stati
1512 2835 1591 2903 delli

368 2952 559 3039 indisposti,
582 2974 637 3019 rna
656 2952 715 3040 gii
734 2968 834 3019 stano
854 2953 944 3021 assai
965 2954 1063 3021 bene.
1089 2951 1147 3021 Sia
1163 2955 1247 3042 Jesu
1264 2950 1329 3020 X.⁰
1346 2951 1417 3019 uita
1433 2964 1469 3019 et
1484 2950 1592 3019 salute

368 3081 485 3135 nostra
500 3080 629 3136 eterna.
651 3070 775 3137 Amen.

385 3226 413 3260 ,μ
433 3184 478 3251 Di
495 3185 602 3251 Rorna
618 3160 726 3269 prirno
742 3186 790 3259 de
803 3184 893 3253 Maio
917 3200 1013 3269 1554.
1079 3246 1082 3257 ,

291 3371 293 3374 ,
383 3340 387 3359 2
418 3301 630 3385 μΙφιεενιῗρίὶο.4
649 3301 682 3366 Α
700 3300 864 3369 Louanio.
884 3301 930 3368 Al
943 3304 984 3368 P.
1004 3302 1180 3371 Bernardo
1198 3299 1366 3372 Oliuerio.

312 3603 316 3612 .
360 3582 363 3589 -
403 3581 415 3602 ·.
435 3542 535 3625 Dopo
551 3542 574 3605 l'
592 3542 677 3608 altra
695 3542 879 3610 habbiamo
895 3543 1017 3610 adesso
1033 3542 1189 3612 riceuuta
1204 3544 1316 3629 quella
1328 3544 1371 3610 de
1389 3544 1434 3611 V.
1454 3544 1496 3609 R.
1516 3542 1590 3623 deu

368 3668 566 3683 -ὺ-ο-ι

370 3709 386 3718 ”
404 3712 432 3768 ’ἒ
463 3706 577 3781 ¹{acrasi
590 3745 646 3783 ms.
685 3729 734 3771 —d
754 3728 884 3783 altraoue
898 3747 968 3793 ms„
992 3746 1040 3773 -e
1060 3730 1093 3783 El
1108 3746 1164 3788 ms.

362 3807 366 3829 i
429 3822 457 3837 ,3
666 3806 669 3809 ’
818 3808 821 3815 “
862 3814 867 3826 r

359 3922 402 3951 1..·
419 3902 456 3951 ἰν
469 3897 617 3954 Adrianus
630 3897 764 3957 Adriani.
787 3886 791 3893 ’

374 4039 377 4044 ,
393 4042 398 4059 ,
421 3989 449 4067 ’Ἴ
465 3988 632 4067 ¹Quintinua
644 3987 790 4045 Charlart.
810 4057 812 4060 Ι

358 4073 361 4078 ’
406 4064 431 4110 '‘
469 4061 617 4133 Antonius
632 4079 802 4145 Boueletus.

419 4170 429 4203 ⁵
466 4166 590 4222 Carolus
601 4167 639 4222 de
652 4167 743 4239 Croy,
756 4168 878 4223 Roberri
895 4167 992 4225 stater.
1008 4167 1184 4239 PoLaNcus,
1202 4166 1326 4230 chron..
1342 4166 1390 4231 lV,
1405 4178 1470 4236 295.

419 4258 431 4289 ⁶
467 4257 616 4311 Robertus
637 4256 675 4311 de
700 4255 790 4330 Croy,
812 4256 930 4329 dequo
953 4256 1087 4312 videatur
1109 4256 1291 4329 POLANCUS,
1313 4248 1510 4325 Chrou.,1V‚
1530 4252 1590 4323 28⁶,

283 4365 287 4371 ·
368 4343 499 4413 302·305.

421 4441 431 4469 ⁷
469 4435 650 4507 Reginaldus
664 4435 765 4510 Polus.

420 4528 432 4557 '⁸
469 4526 643 4580 Franciaeua
655 4524 693 4579 de
706 4522 859 4580 Meudoza.

413 4615 432 4684 λ’
468 4612 668 4685 Hieronymus
681 4614 881 4671 Muzareliius.
1251 4680 1259 4687 ·

415 4704 438 4735 ²⁰
475 4701 616 4756 Martinus
630 4700 754 4759 Olaviua
767 4711 798 4756 et
811 4700 1004 4756 Sebastianus
1017 4700 1174 4759 Romaeus.
