3567 5409
556 521 660 577 Eersr.
678 517 833 588 noo-14
852 519 981 575 Aennrs
1002 516 1088 588 1554Δ
1338 519 1391 589 605

184 674 284 742 delle
299 674 420 742 lettere
435 694 539 760 grece
554 686 589 741 et
607 671 778 753 hebraice3
796 682 832 741 et
851 672 880 738 si
901 692 1054 758 pensaua
1076 670 1161 738 farlo
1183 672 1289 758 prima
1312 692 1425 740 sacer-

189 791 289 871 dote,
308 789 434 876 perchi
450 792 494 856 ha
510 790 605 855 buon
622 788 751 856 talento
766 788 809 855 de
825 786 993 873 predicar,
1010 787 1035 853 il
1051 789 1118 856 che
1132 792 1178 855 ha
1189 788 1428 855 cominciatoa

189 908 257 974 tar'
275 904 311 973 in
327 905 472 990 qualche
487 905 595 990 luogo
611 903 679 989 pio,
693 903 972 988 gratiosamente3
986 914 1022 971 et
1034 904 1052 969 ὲ
1064 902 1205 971 italiano
1216 904 1260 970 de
1273 904 1426 971 natione.

192 1022 234 1087 ln
250 1031 376 1106 questo
392 1040 509 1086 mezzo
524 1022 589 1088 che
606 1020 733 1089 restari
750 1020 782 1085 li
799 1019 822 1085 il
838 1018 971 1086 fratello
988 1018 1115 1101 Pietro,
1133 1020 1277 1087 sarebbe
1295 1040 1427 1088 conue-

190 1136 314 1204 niente
328 1139 393 1203 che
409 1135 438 1203 si
456 1136 578 1205 lacessi
594 1136 684 1203 nella
699 1135 820 1223 lingua
837 1135 941 1202 latina
960 1134 1085 1215 sicuro,
1103 1156 1200 1203 come
1216 1135 1239 1201 li
1250 1140 1296 1203 ho
1308 1134 1430 1203 scritto

193 1263 230 1321 et
246 1252 284 1318 di
299 1273 416 1319 nuouo
432 1250 455 1317 li
471 1253 711 1319 raccomando.
1193 1330 1197 1341 ι

261 1368 360 1434 Altro
377 1388 446 1433 non
461 1386 602 1433 occorre
614 1366 698 1445 dire,
717 1388 840 1434 senon
857 1369 922 1435 che
938 1366 1108 1433 vorriamo
1123 1386 1222 1453 saper
1238 1388 1276 1436 se
1294 1369 1428 1439 riceue·

192 1504 240 1550 no
256 1481 291 1549 di
308 1483 340 1551 li
356 1482 387 1550 le
408 1504 499 1550 noue
518 1481 759 1567 quadrimestri
782 1494 817 1551 et
837 1483 951 1567 quelle
973 1483 1054 1551 dell'
1077 1482 1184 1563 India,
1209 1484 1334 1570 perche
1358 1506 1427 1551 non

195 1599 301 1666 fanno
318 1598 504 1668 mentione.

261 1712 321 1783 Sia
332 1716 415 1802 Jesrl
432 1712 496 1781 X.⁰
513 1714 547 1781 in
566 1724 684 1780 nostro
699 1712 866 1782 continuo
884 1715 1017 1782 fauore.

262 1828 307 1897 Di
324 1831 432 1896 Roma
447 1828 573 1896 ΧΙΙΙΙ.ο
589 1829 624 1895 d'
642 1829 762 1915 Aprile
782 1845 878 1914 1554.

266 1945 461 2029 Inscriptio.
481 1944 632 2011 Padoua.

761 2134 868 2214 4366

391 2266 531 2333 PATRI
554 2266 756 2335 CAESARI
781 2266 963 2335 HELMIO
988 2266 1050 2333 EX
1074 2266 1226 2335 COMM.

605 2400 693 2444 norea
715 2399 747 2458 14
766 2401 887 2445 nemus
909 2402 978 2459 1554
998 2390 1017 2444 l.

197 2523 244 2579 De
249 2522 408 2595 fratribus
419 2525 535 2580 dnobus
544 2526 577 2580 in
592 2524 733 2579 Siciliam
745 2523 1108 2603 destinatip.-Eaternas
1120 2540 1231 2596 coquas
1240 2525 1433 2589 adhibeatur,

249 2628 288 2667 ne
298 2614 355 2668 trac
367 2614 558 2685 occupatione
569 2612 739 2669 scholastici
751 2614 973 2669 distineantur.
983 2644 1004 2654 -
1018 2612 1139 2670 Gaudet
1152 2614 1295 2687 [gnatius
1304 2614 1433 2671 Michae-

251 2703 309 2757 iem
320 2703 518 2774 jerosolymis
540 2703 877 2775 appulisse-Litterae
895 2719 932 2758 ex
951 2700 1158 2773 Cano-Qui
1175 2704 1341 2777 religiosus
1360 2704 1435 2759 alte·

250 2791 318 2845 riae
330 2791 449 2846 ordinis
456 2791 573 2864 faerit,
587 2793 620 2846 in
634 2792 812 2847 Societatem
829 2793 967 2863 cooptari
982 2810 1040 2847 non
1054 2792 1245 2864 potest-Da
1259 2794 1368 2865 pueris
1388 2810 1436 2847 ca·

249 2879 498 2958 digandin-De
516 2882 648 2952 quodam
667 2882 709 2935 ad
727 2881 930 2935 sacerdotium
950 2880 1258 2951 promovendo-Be
1281 2880 1435 2951 Quintino

250 2966 395 3023 Charlart
416 2968 545 3039 aliisque
567 2970 655 3023 sociis
677 2969 711 3023 in
733 2968 872 3039 patriam
896 2969 1123 3035 revertentibus,
1145 2970 1279 3025 maxime
1303 2986 1375 3025 vero
1397 2970 1435 3025 de

250 3058 392 3113 Adriano
408 3054 557 3115 Candido.

268 3212 340 3277 Pax
356 3210 497 3276 Christi.

267 3328 333 3392 Per
348 3326 460 3411 quella
475 3326 520 3394 de
536 3343 556 3409 7
572 3327 627 3392 del
643 3338 814 3412 presente,
833 3326 876 3393 de
892 3328 936 3393 V.
958 3327 1013 3406 R,
1032 3325 1313 3393 intendessimoil
1327 3326 1436 3394 dubio

198 3463 299 3528 sopra
313 3441 338 3507 li
352 3440 410 3508 doi
427 3440 550 3511 fratelli
566 3441 722 3522 siciliani,
737 3464 797 3528 per
809 3442 923 3527 quella
936 3440 1198 3528 indispositione
1210 3442 1245 3508 di
1256 3444 1285 3510 F
1286 3442 1392 3509 abbio
1406 3443 1433 3523 ¹3

199 3568 235 3627 et
249 3558 446 3626 finalmente
462 3557 577 3644 quello
592 3559 658 3625 che
673 3557 695 3623 li
713 3556 836 3627 medici
852 3557 1143 3645 consiglieranno‚
1166 3557 1279 3627 inteso
1302 3560 1347 3626 V.
1374 3559 1433 3639 R.,

199 3694 227 3739 sr
243 3672 370 3739 risolua
386 3673 431 3739 da
447 3694 508 3758 per
524 3672 572 3753 si,
596 3672 806 3741 intendendo
825 3672 929 3741 etiarn
950 3673 974 3739 il
994 3694 1094 3759 parer
1114 3674 1169 3741 del
1192 3674 1278 3741 Rdo.
1302 3673 1435 3741 monsi-

198 3810 287 3876 gnor
303 3790 328 3868 ⁸,
346 3789 471 3875 perchi
485 3788 521 3854 di
535 3809 604 3875 qua
621 3810 691 3855 non
706 3788 735 3855 si
752 3792 821 3875 puo
835 3789 885 3855 far
897 3788 1097 3857 risolutione
1110 3800 1207 3857 tanto
1219 3789 1433 3859 conuenien-

199 3916 235 3974 te
250 3924 349 3973 come
365 3902 401 3970 di
417 3904 461 3970 li.

266 4020 304 4087 ln
320 4019 403 4106 ogni
421 4020 523 4087 modo
540 4020 563 4085 il
578 4040 663 4086 coco
677 4018 766 4087 deue
780 4018 935 4106 pigliarsi
951 4020 987 4086 di
1005 4019 1105 4101 fuori,
1119 4031 1155 4089 et
1168 4040 1237 4087 non
1250 4041 1400 4107 occupat
1412 4020 1435 4086 li

199 4135 320 4203 scolari
336 4136 426 4203 nella
441 4133 575 4215 cocina,
593 4154 692 4203 come
709 4134 768 4219 piri
784 4135 878 4203 uolte
892 4135 923 4202 si
939 4118 960 4202 e‘
975 4134 1106 4203 scritto.

256 4388 263 4419 ¹
303 4384 346 4439 lix
357 4382 461 4440 codice
473 4383 593 4455 Regest.
607 4382 652 4448 II,
665 4380 696 4439 ff.
710 4381 840 4452 lior-901.
850 4382 1055 4455 Peragraphus
1065 4382 1103 4439 de
1112 4382 1266 4455 punitione
1276 4398 1434 4455 puerorum

200 4480 298 4529 exstat
310 4471 341 4527 in
355 4471 426 4528 Cod.
443 4471 560 4528 Monac.
574 4471 617 4536 ΙΙ,
630 4470 681 4527 fol.
699 4483 763 4540 15v,
776 4478 807 4525 et
820 4472 851 4527 in
865 4470 939 4528 Cod.
953 4470 1041 4528 Rom.
1063 4472 1112 4528 VI.

253 4561 265 4595 ¹
301 4560 405 4617 Sermo
416 4568 463 4617 ert
474 4560 512 4616 de
525 4558 640 4617 duobus
653 4557 794 4615 tratribus
807 4558 927 4617 Andree
939 4559 976 4617 de
989 4558 1079 4615 Salvo
1091 4570 1122 4617 et
1136 4559 1230 4617 Fabio
1242 4560 1383 4631 Basillco,
1404 4559 1435 4615 in

200 4649 330 4707 Siciliam
342 4648 522 4705 valetudinis
533 4665 623 4705 cauea
637 4648 801 4707 mittendis.
816 4649 1000 4719 PotnrtctJS,
1017 4646 1140 4715 Cirrata,
1156 4650 1209 4721 IV,
1225 4648 1286 4709 126.

254 4741 266 4772 ³
303 4737 437 4794 Andreas
447 4737 656 4811 Lippomaous.
