3567 5409
379 451 430 560 5¹58
757 490 963 544 Mortuusura
984 491 1162 543 lunanum

341 647 416 732 ipso
431 644 590 711 instituto
601 642 738 731 collegii
751 644 839 710 male
851 627 1036 727 loquantur
1047 654 1082 710 et
1094 642 1260 712 scribant,
1275 644 1317 709 Et
1329 655 1368 708 ut
1380 643 1582 728 depreben-

342 760 467 858 dimus,
485 760 613 845 aliquid
633 759 804 827 seminare
823 758 1006 825 simultatis
1025 758 1116 824 inter
1138 762 1274 825 limum.
1299 771 1333 825 et
1354 781 1432 837 nos,
1458 758 1581 823 furtim

344 873 457 943 missis
472 876 607 955 litteris
626 877 847 942 studuerunt.

410 992 498 1059 Cum
523 1004 637 1057 autem
662 990 780 1058 uidere
802 990 932 1074 possint
954 1012 1016 1056 nos
1035 1004 1103 1057 tam
1124 990 1255 1056 solicite
1276 1010 1412 1056 omnem
1435 1008 1580 1056 mouere

344 1106 504 1193 lapidem,
528 1118 566 1172 ut
586 1108 636 1173 eis
657 1106 771 1172 omnia
791 1104 927 1193 pietatis
949 1118 984 1171 et
1004 1104 1180 1172 charitatis
1203 1104 1316 1171 officia
1345 1116 1578 1191 praestemus,

345 1224 522 1308 quodque,
544 1235 678 1309 praeter
699 1224 849 1290 laborem
870 1232 907 1287 et
927 1220 1104 1288 charitatis
1122 1220 1416 1299 exercitationem,
1442 1219 1579 1287 utilita-

347 1350 414 1405 tem
443 1337 542 1404 aliam
572 1337 739 1423 priuatam
768 1340 895 1403 nullam
924 1358 1088 1422 quaerere
1113 1336 1295 1422 possimus,
1318 1337 1376 1402 sed
1401 1336 1580 1422 publicam

348 1454 454 1522 totius
470 1454 679 1522 Germaniae
694 1463 729 1521 et
745 1452 895 1538 ipsorum
914 1452 949 1519 in
966 1464 1110 1537 vtruque
1126 1452 1276 1531 homine,
1295 1452 1396 1518 nimis
1416 1452 1582 1519 inhuma-

348 1570 383 1635 ni
394 1570 499 1637 animi
518 1569 679 1636 uidentur
691 1581 760 1635 tam
774 1570 862 1636 male
877 1568 913 1635 in
929 1590 993 1635 nos
1008 1569 1111 1647 affici;
1129 1580 1164 1636 et
1182 1567 1239 1634 uir
1257 1569 1348 1636 unde
1364 1567 1399 1635 id
1415 1570 1584 1655 procedat

347 1684 542 1771 intelligere,
555 1706 747 1770 possemus,
765 1684 830 1751 nisi
847 1686 890 1750 ad
907 1684 1129 1770 suspitionem
1148 1704 1266 1770 parum
1279 1684 1470 1751 catholicae
1482 1704 1584 1752 men-

348 1801 404 1881 tis,
422 1801 516 1867 etad
531 1798 673 1865 nimium
690 1799 837 1867 carnalis
850 1799 1018 1866 libertatis
1033 1820 1183 1869 amorem
1203 1821 1267 1865 nos
1287 1820 1408 1867 omnes
1426 1820 1581 1867 conuer-

348 1929 473 1985 tamus.
492 1918 580 1983 Nam
595 1916 640 1983 de
655 1915 908 1984 correctionum
925 1914 1109 1984 seueritate
1126 1918 1181 1982 uel
1197 1915 1322 1982 duritia
1338 1915 1584 2001 reprehensio-

348 2053 444 2111 num,
462 2033 555 2117 quod
571 2045 840 2117 conquerantur,
860 2052 930 2097 non
942 2032 1080 2099 habent.
1097 2034 1151 2099 De
1164 2030 1305 2098 victuet
1316 2030 1444 2099 vestitu
1456 2042 1494 2100 et
1505 2031 1584 2097 aliis

349 2147 551 2216 necessariis
565 2148 651 2214 nihil
667 2148 733 2214 illis
752 2148 873 2217 deesse
892 2147 1052 2234 patimur.
1076 2146 1318 2217 Recreationes
1339 2149 1508 2217 honestae
1530 2148 1584 2214 eis

349 2262 604 2349 permittuntur,
621 2274 658 2331 et
673 2264 776 2330 bisin
792 2264 1008 2331 hebdomada
1024 2284 1083 2329 rus
1095 2274 1179 2330 eunt
1191 2284 1212 2329 a
1224 2262 1367 2348 prandio
1379 2262 1483 2329 animi
1497 2284 1584 2351 gra-

350 2378 408 2447 tia.
428 2378 554 2447 Visunt
568 2379 671 2448 etiam
686 2380 870 2467 aliquando
886 2382 1026 2466 templa,
1044 2391 1080 2448 et
1096 2402 1152 2448 res
1166 2400 1283 2446 sacras
1304 2378 1434 2460 uident,
1460 2393 1497 2447 et
1517 2381 1582 2447 de-

352 2516 458 2574 mum,
478 2507 515 2563 ut
530 2495 674 2583 ingenui
690 2496 926 2563 adolescentes
942 2505 1133 2563 tractantur
1147 2496 1299 2562 omnino.

417 2614 470 2679 De
486 2612 672 2680 lectionum
687 2634 773 2680 uero
789 2623 825 2680 et
836 2610 1121 2678 exercitationum
1135 2612 1419 2679 scholasticarum
1433 2612 1583 2692 ratione,

350 2727 498 2813 quanuis
520 2740 648 2796 temere
667 2727 733 2813 ipsi
753 2749 914 2797 censores
935 2748 973 2796 se
993 2727 1216 2807 constituant,
1240 2752 1259 2793 a
1279 2726 1488 2797 doctissimis
1508 2728 1587 2814 qui-

350 2844 484 2929 busque
498 2856 533 2910 et
549 2842 823 2929 prudentissimis
838 2865 914 2913 eam
933 2844 1063 2911 laudari
1080 2864 1222 2912 neeesse
1238 2856 1301 2912 est.
1321 2844 1410 2913 Tres
1425 2844 1517 2912 enirn
1536 2848 1587 2915 le-

348 2957 482 3029 ctiones
495 2960 709 3046 theologicae
724 2960 850 3029 cotidie
861 2963 1119 3046 praeleguntur:
1135 2960 1255 3047 prima,
1271 2962 1427 3049 Magistri
1439 2973 1587 3029 senten·

350 3077 487 3158 tiarum;
506 3078 572 3157 2.‘·,
590 3098 710 3144 sacrae
725 3078 927 3163 scripturae;
947 3062 1012 3161 3.'⁸,
1029 3078 1140 3144 sancti
1157 3080 1325 3157 Thomas,
1342 3091 1377 3144 et
1393 3078 1588 3146 adoctissi-

351 3192 416 3258 mis
427 3193 689 3279 professoribus.
704 3194 747 3259 Et
758 3206 839 3260 ante
852 3193 1031 3277 prandium
1045 3215 1126 3271 una,
1141 3205 1176 3261 et
1188 3216 1208 3261 a
1221 3195 1363 3280 prandio
1375 3195 1484 3261 altera
1497 3196 1587 3261 hora

349 3308 640 3395 disputationibus
655 3308 876 3394 impenditur,
896 3322 1029 3393 praeter
1046 3308 1297 3390 conclusiones
1315 3310 1589 3397 quaepublicae

350 3422 474 3491 diebus
489 3424 622 3490 sabbati
637 3437 719 3489 ante
735 3426 913 3509 prandium
931 3424 1147 3491 sustinentur
1162 3446 1221 3509 per
1236 3426 1329 3494 uices
1346 3428 1390 3495 ab
1406 3426 1585 3507 omnibus,

351 3538 441 3607 sicut
456 3562 478 3605 a
494 3540 637 3625 prandio
652 3539 909 3626 phylosophiae.

418 3658 487 3724 Sed
502 3657 572 3723 duo
587 3656 625 3721 hi
639 3656 784 3725 iuuenes
793 3656 952 3723 fastidire
973 3657 1133 3723 uidentur
1155 3669 1266 3724 totum
1289 3662 1353 3725 hoc
1375 3680 1491 3745 genus
1511 3674 1589 3726 stu·

351 3772 498 3856 diorum,
516 3785 551 3839 et
568 3783 703 3857 tempus
718 3793 757 3839 se
769 3778 879 3839 terere
890 3772 1000 3851 aiunt,
1015 3772 1108 3856 quod
1122 3770 1175 3839 his
1187 3772 1402 3859 impendunt.
1419 3776 1591 3861 Agebant

351 3900 466 3957 autem
481 3888 577 3956 hisce
591 3888 714 3954 diebus
729 3886 831 3966 serio,
849 3888 919 3953 imo
933 3902 969 3955 et
981 3888 1187 3973 importune,
1203 3902 1241 3955 ut
1252 3911 1295 3957 ex
1309 3890 1458 3976 collegio
1469 3891 1592 3957 dimit-

353 4017 519 4087 terentur,
537 4003 571 4069 in
588 4006 684 4073 Vrbe
700 4002 851 4071 mansuri
866 4003 1079 4089 aliquandiu,
1101 4017 1138 4071 et
1157 4006 1353 4092 propediem
1375 4008 1419 4074 ad
1443 4008 1590 4081 Rmum.

351 4120 569 4189 labacensem
586 4118 784 4206 profecturi;
802 4140 951 4204 cumque
967 4142 1031 4186 nos
1047 4110 1239 4189 diceremus
1255 4122 1289 4189 id
1305 4120 1445 4190 minime
1457 4116 1592 4192 con'ue·

298 4222 303 4237 ’
353 4237 440 4332 nire,
457 4257 536 4305 cum
555 4236 640 4304 ratio
656 4235 804 4305 instituti
821 4236 925 4303 huius
946 4236 1082 4323 collegii
1104 4238 1284 4325 theologos
1304 4250 1341 4307 et
1361 4238 1456 4307 uiros
1477 4254 1592 4308 matu·

354 4353 461 4421 riores
476 4352 511 4419 in
528 4351 680 4419 moribus
694 4350 820 4417 dimitti
836 4350 1004 4437 exigeret,
1021 4351 1182 4420 dicebant
1197 4374 1235 4421 se
1251 4374 1295 4423 eo
1310 4353 1426 4422 animo
1441 4376 1511 4423 non
1524 4378 1591 4425 ue-

354 4470 458 4551 nisse,
477 4482 514 4534 vt
530 4465 725 4555 theologiae
740 4488 878 4553 operam
894 4468 1029 4547 darent,
1042 4468 1104 4537 sed
1120 4479 1159 4535 ut
1176 4471 1317 4552 Urbem,
1340 4483 1376 4540 et
1391 4492 1505 4539 mores
1521 4474 1590 4541 ho-

354 4586 500 4669 minum,
527 4597 564 4654 et
590 4583 656 4652 alia
683 4582 880 4651 huiusmodi
909 4583 1089 4651 uiderent·
1110 4584 1245 4653 Deinde
1262 4586 1428 4655 dicebant
1446 4590 1588 4658 limum.

355 4704 571 4769 labacensem
593 4720 653 4768 eos
672 4717 837 4767 reuocare
857 4720 918 4785 per
937 4698 1067 4766 litteras
1088 4717 1133 4783 24
1148 4700 1339 4784 Februarii,
1356 4714 1392 4770 et
1412 4706 1505 4789 quod
1522 4726 1590 4772 nos
