3567 5409
375 464 427 518 55²
753 450 961 506 mononem-i
980 450 1162 505 laniamus

338 604 449 670 solum
466 603 577 682 nobis,
596 604 657 671 sed
672 615 708 671 et
725 602 830 670 Rmis.
850 615 885 672 et
902 603 1017 670 lllmis.
1035 602 1269 670 cardinalibus
1284 614 1319 669 et
1337 624 1474 669 summo
1493 622 1583 688 pon·

336 718 439 799 titio,
456 718 527 799 cui,
544 719 624 786 licet
645 720 838 806 aegrotanti
859 720 895 784 id
917 720 1091 805 temporis,
1110 719 1262 805 perlecta
1279 718 1420 787 fuerunt
1443 717 1586 787 litterae

340 835 517 903 breuiores
534 838 575 902 P.
592 836 735 916 Canisii,
748 858 836 920 quas
850 856 930 903 curn
946 834 1117 903 hilaritate
1133 835 1279 915 audiuit,
1294 847 1329 903 et
1344 836 1389 901 ad
1403 834 1585 921 impensas

341 952 455 1019 statim
472 951 682 1039 quingentos
696 973 820 1018 aureos
835 951 986 1037 benigne
1001 950 1101 1018 iussit
1117 951 1249 1019 donari.
1268 954 1348 1019 Duo
1364 950 1435 1031 alii,
1453 951 1514 1034 qui
1531 948 1585 1015 si-

342 1070 412 1134 mul
428 1088 507 1133 eum
526 1086 567 1133 22
588 1080 764 1147 uenerant,
787 1067 890 1134 etiarn
913 1067 1050 1135 admissi
1073 1079 1166 1133 sunt.
1192 1069 1373 1135 Hactenus
1388 1064 1584 1153 spirituali-

341 1186 407 1250 bus
423 1183 629 1267 quibusdam
646 1184 822 1251 exercitiis
837 1186 881 1250 ad
902 1184 1152 1279 confessionem
1176 1185 1371 1271 generalem
1392 1182 1584 1249 instituen-

340 1300 420 1366 dam
435 1312 517 1367 sunt
533 1300 703 1385 dispositi,
730 1316 766 1367 et
784 1322 906 1367 omnes
926 1300 1039 1377 hodie,
1062 1300 1209 1386 peractis
1229 1299 1517 1377 confessionibus
1536 1298 1584 1365 ad

343 1437 474 1482 sacram
491 1415 635 1482 sinaxim
653 1427 885 1483 accesserunt.

411 1532 548 1599 lnterim
566 1545 682 1600 uestes
697 1533 936 1613 conliduntur,
952 1547 987 1601 et
1012 1533 1046 1599 in
1063 1535 1193 1601 classes
1209 1532 1335 1611 uarias,
1350 1554 1410 1617 pro
1420 1529 1586 1599 doctrine

345 1648 617 1733 uniuscuiusque
642 1649 795 1733 profectu
819 1648 1082 1729 distribuentur,
1107 1652 1172 1715 hac
1194 1647 1267 1734 ipsa
1291 1648 1507 1715 hebdomada
1529 1646 1583 1714 le·

344 1761 477 1829 ctiones
491 1763 697 1831 inchoaturi.
718 1765 811 1849 Quid
829 1766 873 1833 de
889 1763 1037 1850 singulis
1052 1784 1171 1831 eorum
1189 1764 1377 1831 sentiamus
1389 1763 1445 1829 uel
1461 1782 1584 1847 spere-

345 1902 434 1958 mus,
452 1881 607 1946 nondum
622 1880 721 1947 facile
733 1882 824 1965 apud
837 1902 901 1947 nos
916 1878 1115 1957 statuimus,
1131 1901 1209 1947 nam
1222 1876 1491 1965 experimenti[s]
1507 1897 1584 1943 cre-

344 1996 426 2063 dere
441 1994 476 2061 in
494 1995 688 2062 huiusmodi
704 2017 806 2080 quam
822 1995 1030 2063 coniecturis
1046 1997 1226 2061 malumus.
1252 1996 1290 2060 ln
1310 2016 1439 2080 genere
1464 2004 1581 2057 tamen

345 2111 510 2196 optimum
526 2131 725 2178 successum
742 2112 860 2197 optimi
882 2110 1029 2177 instituti
1046 2111 1160 2197 operis
1180 2130 1370 2196 speramus,
1388 2120 1424 2175 et
1439 2107 1474 2173 in
1495 2128 1579 2193 pro-

345 2227 477 2293 uincias
489 2227 605 2313 regiae
621 2226 789 2310 majestati
802 2225 957 2292 subditas
971 2228 1109 2303 multos,
1127 2224 1312 2311 etquidem
1326 2225 1481 2302 idoneos,
1497 2244 1581 2309 ope·

347 2342 452 2408 rarios
469 2342 653 2408 mittendos
669 2342 886 2409 confidimus

412 2458 498 2524 Vale
514 2457 548 2522 in
560 2458 638 2537 X.⁰,
653 2456 850 2523 charissime
865 2458 976 2537 Pater,
994 2476 1034 2523 ac
1050 2465 1115 2522 hos
1132 2460 1206 2525 Deo
1222 2455 1416 2523 comendari
1431 2476 1501 2520 non
1513 2455 1575 2522 de·

346 2571 450 2650 sinas,
468 2572 557 2638 sicut
574 2583 610 2640 et
626 2592 689 2638 uos
707 2570 812 2639 uestri
829 2570 863 2637 in
879 2585 1066 2657 conspectu
1085 2571 1149 2639 Dei
1166 2592 1335 2639 memores
1351 2592 1485 2637 sumus

415 2690 544 2755 Romae
561 2708 581 2771 3
597 2688 727 2772 Aprilis
746 2705 842 2772 1554.

414 2805 611 2887 Inscriptio.
631 2804 777 2872 Vienna.
797 2805 841 2870 Al
858 2806 899 2871 Ρ.
920 2806 1053 2889 Lanoy.

541 3096 679 3165 earm
703 2976 1126 3186 nicorn0⁴i²n⁹noJo
1152 3100 1212 3165 Ex
1237 3098 1393 3165 coniri.

764 3224 852 3267 norm
874 3211 891 3266 3
911 3226 1032 3268 senius
1055 3226 1125 3283 1554
1138 3215 1159 3268 ¹.

352 3338 396 3395 Da
405 3337 595 3411 germanicis
606 3336 841 3393 adolescentibus
859 3338 987 3393 Romam
1005 3338 1345 3425 perventis-Litterna
1372 3336 1532 3391 Vishauaei
1543 3336 1583 3389 ad

404 3427 537 3483 Paulum
555 3428 840 3483 staticulum-De
851 3428 1035 3483 scholasticis
1048 3428 1163 3483 duobus
1175 3428 1307 3500 episcopi·
1320 3424 1585 3482 iciacensis—Li·

402 3518 450 3571 bri
463 3518 641 3572 initiantur.

923 3660 1005 3781 lhirs

416 3856 484 3924 Gid
500 3878 560 3941 per
575 3857 662 3925 altre
679 3857 706 3923 si
724 3858 741 3923 ὲ
758 3858 879 3924 scritto
891 3861 956 3925 che
973 3881 992 3925 a
1007 3843 1051 3925 N.
1072 3861 1110 3924 P.
1129 3880 1256 3944 pareua
1272 3861 1338 3925 che
1353 3858 1469 3923 buona
1487 3867 1583 3942 parte

349 3973 384 4039 di
400 3984 523 4057 questa
539 3985 645 4060 gente
661 3987 788 4058 poteua
805 3985 935 4042 restare
952 3976 1000 4054 la,
1019 3976 1104 4041 hora
1119 3996 1157 4041 se
1175 3974 1345 4061 risguardi
1369 3974 1400 4039 la
1416 3973 1581 4053 dottrina,

350 4091 434 4155 hora
451 4090 482 4155 la
498 4088 674 4175 aparentia
690 4103 725 4155 et
741 4090 894 4176 ingenio,
913 4101 979 4157 etc.
1001 4092 1043 4157 Et
1060 4112 1120 4176 per
1136 4093 1158 4155 l'
1173 4090 1313 4158 auenire
1331 4089 1439 4176 prima
1455 4088 1484 4153 si
1499 4088 1580 4155 scri·

292 4281 297 4291 ⁸
351 4226 395 4272 ua
410 4203 489 4271 etsi
507 4204 631 4290 aspetti
655 4204 800 4291 risposta
815 4218 829 4246 ⁸
845 4208 910 4272 che
927 4206 956 4272 si
974 4208 1087 4275 mandi
1110 4228 1279 4288 nessuno,
1293 4228 1331 4274 se
1347 4226 1416 4273 non
1433 4205 1518 4272 fossi
1536 4205 1581 4271 al·

350 4341 438 4386 cuna
455 4320 611 4405 singular
627 4320 642 4361 l
658 4342 803 4405 persona
819 4334 853 4391 et
870 4344 958 4401 rara,
978 4325 1080 4407 quale
1096 4345 1164 4389 non
1183 4322 1312 4409 potessi
1328 4333 1493 4407 aspettar.

403 4525 417 4553 ι
452 4511 577 4579 rispotta
591 4526 646 4565 ms.
686 4513 736 4553 -b
756 4510 906 4581 singualar
920 4530 975 4569 ms.

406 4684 414 4715 ¹
454 4681 496 4735 Ex
509 4680 613 4735 codice
628 4682 745 4751 Regest.
762 4682 806 4744 ΙΙ,
821 4679 871 4739 rot.
887 4681 947 4739 82r.
