3567 5409
564 505 837 576 Eersr.4o78.-16
855 507 1009 578 Jauoann
1030 519 1099 577 1554

464 784 604 851 PATRI
628 662 911 854 EMMAlddddl
938 787 1200 856 NOBREGAE

610 913 698 956 noua
722 903 754 956 m
772 915 919 968 Jnnunau
941 915 1007 972 1554
1029 904 1055 963 ¹.

209 1021 344 1078 Gratias
352 1030 381 1080 et
384 1024 566 1096 facultates,
576 1045 595 1081 a
605 1044 722 1082 summo
730 1027 873 1100 pontifice
883 1029 1042 1085 &cretatis
1048 1029 1192 1102 generali
1196 1031 1373 1102 praeposito
1381 1048 1447 1086 con·

261 1129 370 1180 cessas,
385 1114 529 1186 [gnatius
540 1133 609 1172 cum
621 1115 773 1192 Nobraga‚
791 1118 981 1190 provinciali
995 1122 1169 1190 praeposito
1180 1121 1216 1175 in
1229 1120 1370 1176 Brasilia
1380 1138 1447 1176 oon·

261 1203 607 1273 mitumcommunicar.

278 1333 436 1416 [gnatius
451 1335 494 1401 de
511 1335 652 1422 Loyola,
671 1335 852 1404 Societatis
863 1337 949 1425 Jesu
962 1335 1177 1422 praepositus
1189 1337 1376 1423 generalis.

277 1447 416 1515 Dilecto
432 1450 468 1516 in
484 1451 626 1518 Christo
642 1451 737 1518 fratri
754 1452 792 1521 P.
815 1451 994 1519 Emanueli
1015 1453 1060 1521 de
1081 1453 1256 1539 Nobrega,
1281 1452 1447 1539 praesby-

210 1575 288 1629 tero
304 1564 458 1632 eiusdem
476 1567 669 1648 Societatis,
688 1589 729 1635 ac
748 1567 940 1656 praeposito
955 1569 990 1634 in
1007 1566 1101 1633 India
1118 1568 1275 1649 Brasilia‚
1299 1567 1446 1636 serenis-

208 1679 303 1746 simo
319 1681 395 1768 regi
413 1685 647 1770 portugalliae
662 1685 813 1764 subdita,
832 1695 866 1754 et
882 1683 957 1750 aliis
970 1683 1217 1772 ulterilorilbus
1229 1675 1446 1770 regionibus,

207 1797 360 1864 salutem
378 1798 413 1864 in
429 1800 579 1866 Domino
596 1801 853 1888 sempiternam.

279 1915 369 1980 Cum
388 1916 519 1982 foelicis
535 1918 783 1985 recordationis
802 1919 931 1985 Paulus
948 1940 1036 2004 papa
1049 1919 1094 1984 lll
1106 1919 1149 1986 de
1162 1917 1372 2003 apostolicae
1386 1940 1446 2004 po·
1503 1930 1506 1934 ’

208 2031 347 2096 testatis
363 2033 525 2100 thesauro
543 2047 679 2100 nostrae
695 2033 858 2102 Societati
873 2034 1056 2117 plurimum
1070 2033 1298 2118 spiritualium
1312 2033 1444 2119 gratia-

205 2166 286 2212 rum
303 2147 347 2213 ad
366 2147 429 2214 Dei
442 2147 590 2242 gloriam
607 2160 642 2214 et
657 2149 848 2214 animarum
860 2148 1146 2227 aedificationem,
1164 2169 1250 2233 quas
1268 2149 1445 2234 praeposi-

207 2273 267 2328 tus
292 2264 464 2348 generalis
490 2285 550 2350 pro
574 2275 727 2350 tempore
751 2263 903 2332 existens
923 2286 984 2350 per
1003 2286 1040 2331 se
1061 2278 1095 2331 et
1116 2265 1211 2342 alios,
1235 2286 1323 2350 quos
1344 2265 1388 2330 ad
1408 2264 1444 2330 id

206 2378 353 2444 idoneos
375 2378 553 2458 iudicaret,
576 2402 739 2450 exercere
760 2393 885 2467 posset,
910 2393 944 2449 et
964 2381 1164 2466 dispensare
1186 2383 1336 2466 benigne
1357 2401 1444 2446 con·

205 2495 363 2574 cesserim
382 2516 459 2574 nos,
478 2495 536 2580 qui
554 2508 587 2592 te
605 2518 712 2582 nuper
729 2495 960 2582 praepositum
978 2496 1131 2562 omniurn
1149 2496 1290 2564 fratrum
1305 2507 1440 2563 nostro·

203 2631 298 2690 rum,
313 2611 370 2695 qui
388 2611 422 2678 in
440 2612 622 2697 praedictis
642 2611 841 2697 regionibus
865 2623 1059 2694 uersantur,
1083 2612 1325 2679 constituimus
1347 2613 1372 2692 ⁵,
1395 2613 1438 2678 de

204 2737 268 2792 tua
285 2727 410 2812 pietate
426 2741 461 2795 et
474 2729 667 2814 prudentia,
682 2742 834 2814 quaeest
846 2729 882 2794 in
895 2729 1140 2817 ChristoJesu,
1156 2727 1340 2815 plurimum
1354 2749 1438 2794 con·

204 2843 367 2924 fidentiae,
383 2844 476 2930 prius
487 2846 645 2912 collatam
655 2847 897 2916 authoritatem
909 2845 1157 2912 confirmando:
1167 2845 1309 2930 insuper
1319 2865 1441 2911 omnes

203 2981 266 3026 eas
282 2961 423 3046 gratiam,
441 2973 475 3026 et
488 2960 744 3052 authoritatem,
759 2983 861 3047 quam
875 2961 974 3028 nobis
985 2961 1084 3028 sedes
1096 2960 1295 3046 apostolica,
1311 2981 1437 3047 quom·

204 3078 450 3161 modocunque
462 3075 744 3157 communicauit,
758 3090 792 3144 et
806 3099 868 3144 nos
880 3077 1136 3144 communicare
1150 3097 1333 3161 possumus
1342 3077 1437 3163 (dua-

202 3195 273 3259 bus
288 3195 477 3270 dumtaxat,
495 3194 625 3261 scilicet
640 3193 856 3280 indulgentia
874 3193 1022 3278 plenaria
1039 3194 1145 3262 semel
1158 3193 1193 3258 in
1207 3214 1300 3258 anno
1312 3214 1436 3260 conce·

200 3309 329 3388 denda,
348 3320 383 3377 et
399 3308 639 3401 admissionem
656 3311 699 3375 ad
717 3300 974 3394 professionem,
993 3309 1057 3374 nisi
1074 3310 1117 3376 de
1135 3319 1252 3374 nostra
1268 3330 1431 3394 expressa

200 3410 354 3504 licentia,¹
370 3403 546 3510 eaceptisl,
564 3415 871 3521 communicamus,
892 3437 1009 3491 utnon
1027 3427 1136 3491 silum
1158 3424 1207 3490 eis
1228 3425 1278 3491 uti
1299 3425 1343 3490 ad
1357 3446 1435 3510 pro·

202 3540 376 3607 ximorum
394 3540 678 3621 aedificationem,
698 3543 759 3608 sed
775 3553 809 3607 et
829 3541 915 3608 alios
935 3564 977 3609 ex
999 3541 1053 3621 iis,
1076 3540 1133 3625 qui
1154 3542 1220 3606 sub
1236 3539 1432 3608 obedientia

201 3671 263 3724 tua
280 3669 374 3735 sunt,
398 3656 581 3742 participes
604 3659 790 3728 earundem
814 3660 940 3734 faeere,
964 3668 1068 3742 prout
1089 3677 1249 3740 quenque
1272 3656 1432 3723 idoneum

199 3773 454 3840 existimaueris
467 3774 604 3860 (quibus
619 3795 682 3840 nos
694 3797 736 3840 ex
750 3795 855 3851 nunc,
872 3787 972 3860 prout
986 3795 1028 3840 ex
1042 3785 1137 3854 tunc,
1152 3794 1241 3857 quae
1256 3771 1315 3836 tibi
1334 3772 1433 3837 uide-

201 3892 345 3970 buntur,
363 3889 607 3976 concedimus),
626 3890 736 3977 possis
753 3903 787 3958 et
801 3893 928 3958 ualeas.

267 4005 347 4073 Tibi
365 4007 456 4075 enim
478 4007 672 4073 huiusmodi
696 4007 825 4092 gratias
845 4027 885 4072 ac
907 4005 1148 4072 concessiones
1168 4025 1262 4071 arma
1279 4001 1434 4069 iustitiae

197 4123 335 4190 futuras
352 4143 427 4190 esse
443 4124 486 4190 ad
503 4123 692 4190 animarum
709 4123 978 4190 consolationem
994 4134 1029 4188 et
1046 4120 1223 4200 auxilium,
1242 4131 1277 4187 et
1299 4119 1362 4186 Dei
1386 4120 1433 4184 al·

196 4238 321 4304 tissimi
336 4237 481 4324 gloriam
498 4251 533 4307 et
550 4241 729 4318 honorem,
748 4239 784 4304 in
799 4239 923 4306 eodem
939 4237 1080 4304 omnino
1103 4257 1296 4322 speramus.

267 4356 394 4422 Datum
412 4357 540 4423 Romae
561 4373 599 4438 17
616 4356 776 4422 calendas
792 4353 970 4422 Februarii
992 4370 1087 4437 1554.

265 4472 464 4557 Inscriptio.
484 4470 759 4538 Communicatio
775 4471 976 4556 gratiarum.

197 4587 413 4598 ——----——

233 4606 239 4616 ⁹
252 4635 260 4666 ¹
300 4633 343 4688 Ex
356 4635 524 4705 apographo
539 4633 568 4687 in
581 4631 684 4688 codice
699 4612 817 4688 Deerat.
832 4637 860 4687 et
870 4633 973 4696 insta,
988 4630 1039 4686 tol.
1053 4644 1103 4698 42·

251 4727 262 4760 ¹
300 4723 482 4794 Pocaucus,
500 4723 625 4786 Curam,
639 4721 691 4791 lv,
704 4721 769 4778 611.
