3567 5409
556 495 660 554 Erusr.
679 493 835 564 4103.·-27
855 497 1009 566 Jmumrr
1023 507 1093 564 1554
1358 493 1411 565 ²39

285 648 329 713 Et
344 648 465 734 prima,
484 658 613 734 quanto
634 670 654 714 a
670 649 811 716 mandat
834 647 857 713 li
874 644 1093 737 pa[c]che[t}ti
1109 647 1232 736 grandi
1252 671 1314 736 per
1330 649 1386 716 uia
1401 650 1445 714 de

215 764 387 850 Bologna,
404 763 434 830 si
450 763 522 831 fari
540 785 601 848 per
617 761 639 826 l'
655 763 806 832 auenire.
1419 805 1422 810 -

284 881 375 949 Delli
390 879 575 947 Directorii
591 891 604 920 ⁸
620 881 646 960 ¹,
661 901 730 966 qua
743 881 862 947 sarano
874 880 989 966 quello
1004 882 1069 948 che
1082 879 1105 945 li
1116 881 1237 966 patera
1253 880 1286 947 le
1298 902 1444 968 persone

211 999 280 1064 che
297 998 414 1064 hanno
430 1016 525 1077 cura3
548 1017 603 1063 ma
622 1017 660 1065 se
680 995 715 1062 di
736 997 767 1062 ld
789 996 936 1082 qualche
957 994 1083 1063 libraro
1103 1017 1148 1064 ne
1168 995 1308 1076 uolessi,
1335 996 1443 1082 potria

209 1112 365 1181 scriuerc
381 1135 401 1178 a
417 1113 562 1198 qualche
578 1132 642 1178 suo
662 1112 952 1198 correspondente
972 1095 1007 1178 in
1022 1113 1144 1192 Roma,
1162 1111 1257 1178 accio
1273 1111 1296 1177 li
1312 1111 1444 1179 diman-

209 1227 287 1294 dasi
303 1252 324 1296 a
340 1213 443 1296 Mtro.
462 1230 490 1294 F
492 1249 654 1296 rancesco
671 1211 715 1294 de
730 1227 924 1308 villanoua,
943 1225 966 1293 il
988 1228 1089 1312 quale
1104 1249 1211 1313 penso
1231 1229 1314 1296 dara
1329 1227 1443 1295 sedeci

211 1343 344 1411 uolumi
367 1365 429 1430 per
449 1365 497 1410 un
517 1345 643 1410 ducato
662 1344 772 1430 larg0,
796 1344 920 1430 perche
941 1341 1013 1411 cosi
1036 1365 1198 1430 ueugono
1213 1365 1234 1410 a
1250 1366 1297 1410 un
1313 1343 1443 1410 carlino

208 1461 234 1526 l’
253 1482 334 1528 uno.
352 1461 396 1528 V.
412 1462 453 1527 R.
473 1482 541 1528 non
557 1459 640 1526 lasci
654 1471 824 1547 stampare
836 1459 859 1525 il
875 1480 940 1526 suo
953 1460 1103 1540 uolume,
1122 1470 1220 1545 parte
1232 1481 1292 1546 per
1307 1481 1377 1526 non
1392 1460 1442 1527 far

207 1575 397 1662 preiuditio
413 1597 434 1643 a
450 1585 571 1662 questo
592 1574 714 1657 amico,
737 1587 833 1662 parte
854 1578 979 1662 perche
999 1596 1068 1642 non
1089 1577 1109 1642 ὁ
1129 1586 1279 1644 corretto
1294 1575 1328 1642 al
1351 1585 1443 1641 tutto

208 1692 327 1777 qu‘ello
339 1693 479 1760 uolume
490 1692 663 1770 mandato,
678 1711 777 1757 como
789 1691 842 1778 poi
858 1692 905 1757 ho
916 1690 1041 1771 intes0,
1055 1692 1133 1758 nell’
1147 1690 1258 1757 ultimi
1273 1690 1329 1757 doi
1343 1690 1442 1776 quin·

206 1807 310 1888 terni,
325 1809 459 1876 bench&
472 1829 540 1873 non
558 1806 655 1874 siano
670 1828 751 1874 cosa
762 1811 828 1876 che
844 1807 968 1894 paiono
984 1806 1089 1874 molto
1104 1807 1302 1894 importare,
1316 1818 1352 1874 et
1370 1809 1441 1874 sor—

205 1946 247 1991 sa
263 1925 298 1990 io
313 1923 449 2010 auisero
463 1923 545 1992 delli
560 1921 682 2010 luoghi
698 1921 873 1992 incorretti
889 1924 913 1988 l'
930 1924 1017 1990 altra
1032 1923 1227 1992 settimana.

277 2039 378 2107 Circa
393 2039 418 2105 il
434 2040 566 2107 fratello
582 2039 730 2106 Anrrico
746 2040 772 2120 ⁸,
785 2039 815 2105 si
831 2039 1025 2108 consulturi
1041 2039 1075 2105 di
1089 2059 1157 2125 qua
1173 2041 1288 2126 quello
1300 2041 1441 2108 conuic-

206 2178 266 2236 ne‚
284 2167 320 2224 et
335 2157 379 2222 de
394 2155 427 2222 ld
443 2176 481 2222 se
500 2153 530 2222 si
545 2157 731 2224 affermano
750 2153 773 2222 li
791 2152 943 2222 medicib
963 2156 1030 2223 che
1050 2152 1074 2220 l'
1090 2154 1160 2222 aria
1181 2155 1226 2223 de
1248 2155 1399 2244 Perugia
1416 2156 1440 2223 li

206 2291 405 2358 conuenga,
424 2271 467 2340 V.
487 2273 529 2338 R.
548 2270 579 2338 ci
597 2271 686 2337 tomi
703 2271 831 2342 auisar.

276 2389 326 2456 Le
355 2387 477 2456 lettere
508 2385 756 2472 quadrimestre
783 2387 948 2456 ritrouate
975 2409 1044 2454 non
1072 2388 1237 2455 accaderd
1269 2387 1435 2485 mandarli
1514 2451 1521 2456 .

206 2502 406 2584 altrimenti,
424 2502 568 2590 puoiche
584 2503 617 2570 la
631 2503 799 2570 sustantia
813 2503 904 2572 delle
918 2525 998 2570 cose
1010 2503 1068 2590 gia
1083 2503 1112 2569 si
1129 2503 1147 2571 ὲ
1163 2502 1295 2585 scritta;
1310 2503 1342 2570 le
1358 2502 1436 2570 ulti-

205 2639 264 2686 me
284 2618 445 2688 mandate
465 2639 527 2706 per
547 2618 579 2685 le
599 2617 737 2705 urgenti
758 2617 977 2705 occupationi
998 2640 1067 2686 non
1091 2619 1117 2685 l'
1132 2619 1316 2687 habbiamo
1331 2640 1436 2686 ancor

206 2732 310 2801 uisto.
563 2808 566 2818 ,

274 2846 312 2916 L'
337 2849 468 2918 incluse
491 2871 551 2936 per
576 2849 692 2916 Padoa
719 2849 881 2918 manderi
906 2849 949 2917 V.
976 2853 1033 2931 R.,
1059 2872 1080 2917 a
1102 2850 1157 2917 cui
1183 2851 1329 2918 orationi
1355 2850 1436 2917 tutti

204 2965 315 3032 molto
330 2963 362 3032 ci
378 2964 685 3034 raccomandiamo.

274 3080 391 3148 Putria
402 3101 496 3148 esser
507 3083 574 3148 che
586 3080 668 3150 sossi
680 3092 795 3168 presto
807 3080 841 3148 di
858 3083 891 3150 la
904 3082 927 3149 il
941 3083 1054 3149 Padre
1065 3083 1134 3150 don
1148 3083 1288 3151 Andrea
1300 3083 1435 3151 Gaiua·

202 3196 307 3264 nello.

271 3310 331 3378 Sia
342 3313 427 3400 Jesd
439 3311 504 3380 X.⁰
521 3313 610 3381 nella
624 3312 824 3383 dirrcttione
840 3324 875 3382 et
891 3313 986 3380 aiuto
1001 3314 1037 3381 di
1052 3314 1147 3384 tutti.
1165 3316 1291 3383 Amen.

272 3429 326 3496 De
342 3430 450 3495 Roma
467 3447 509 3512 27
525 3428 560 3495 di
575 3429 741 3496 Gennaro
763 3445 858 3514 1554.

272 3545 469 3630 Inscriptio.
489 3549 520 3612 A
538 3544 697 3614 Venetia.
717 3546 762 3612 Al
780 3547 821 3616 P.
840 3547 981 3613 Cesare.

258 3774 272 3802 ι
308 3757 474 3814 dirrectorii
487 3776 543 3816 ms.
583 3759 633 3802 -b
653 3757 766 3814 medesi
778 3777 835 3817 ms.

257 3959 269 3992 ¹
308 3957 353 4011 De
366 3957 422 4012 hoc
436 3955 556 4012 Polanci
570 3971 661 4027 opere
674 3971 762 4027 supra
774 3955 916 4013 diximus.

255 4046 267 4078 ³
303 4045 401 4100 ulnter
411 4053 652 4117 praeceptores...
663 4043 810 4100 Henricus
822 4045 1001 4101 Summalius
1011 4055 1085 4115 erat,
1097 4043 1159 4118 qui,
1169 4061 1237 4100 cum
1248 4043 1370 4115 egregie
1379 4059 1435 4100 suo

197 4133 329 4190 docendi
347 4151 467 4190 munere
483 4133 657 4205 fungeretur
673 4142 704 4188 et
722 4151 738 4188 a
755 4133 911 4207 discipulis
930 4134 1016 4190 valde
1033 4143 1191 4206 amaretur,
1258 4134 1288 4189 in
1299 4135 1434 4188 morbum

198 4224 361 4298 quemdem
372 4239 495 4296 gravem
512 4232 543 4279 et
559 4222 671 4280 caduco
684 4223 811 4279 similem
829 4223 960 4280 incidere
974 4226 1100 4294 solebat,
1114 4225 1202 4279 simul
1219 4233 1309 4297 atque
1326 4224 1378 4279 adr
1391 4223 1434 4279 in·

197 4316 382 4383 calescebat;
394 4313 500 4370 medici
513 4320 612 4368 autem
627 4311 656 4366 in
666 4313 734 4367 aere
748 4313 858 4385 nativo,
871 4315 918 4368 vel
931 4313 983 4386 qui
993 4313 1094 4370 nativo
1103 4313 1209 4369 similis
1223 4321 1313 4386 esset,
1328 4313 1433 4370 melius

193 4423 269 4462 eum
282 4405 482 4461 habitaturum
496 4419 563 4458 esse
576 4399 789 4460 affirmabant.»
805 4403 990 4472 Pollucem,
1002 4403 1129 4471 Cimon„
1142 4404 1195 4474 lV,
1211 4417 1272 4473 125.
