3567 5409
323 533 327 542 ,
361 470 415 542 284
736 472 944 530 Mortuurtnrn
967 473 1147 530 manneus

324 625 415 694 doue
430 625 554 693 debbia
566 623 695 694 andare
710 625 795 713 ogni
810 647 891 708 vno;
909 637 945 695 et
960 627 1152 694 ancorache
1163 625 1187 692 li
1199 626 1308 694 nostri
1319 625 1417 694 siano
1428 646 1562 694 consa·

325 741 439 829 peuoli
454 740 488 809 di
505 751 628 828 questa
643 740 848 823 mutatione,
866 741 956 810 fuori
977 741 1013 810 di
1030 762 1112 810 casa
1131 763 1200 809 non
1220 742 1250 809 si
1271 741 1348 810 dica
1368 743 1413 809 de
1433 753 1558 811 nostra

326 869 434 945 parte.

391 973 493 1044 Circa
508 975 532 1042 il
544 975 680 1045 fratello
696 979 800 1046 Mtro.
819 975 990 1046 Michaele
1005 977 1031 1057 ξ,
1051 974 1172 1062 poiche
1192 976 1223 1042 si
1244 985 1368 1042 truoua
1389 975 1558 1060 alquanto

325 1090 465 1178 meglio,
482 1111 521 1161 se
537 1095 639 1160 uorra
657 1094 821 1180 aspettar'
843 1093 875 1160 la
896 1091 1021 1178 partita
1041 1090 1135 1179 degli
1156 1091 1247 1173 altri,
1269 1091 1314 1159 N.
1341 1093 1383 1161 P.
1405 1091 1557 1159 sarebbe

324 1205 383 1294 piri
398 1220 575 1290 contento;
592 1229 630 1277 se
647 1229 710 1294 pur
726 1208 761 1275 in
776 1209 859 1296 ogni
876 1209 979 1276 modo
995 1207 1044 1274 lui
1060 1206 1265 1276 desiderassi
1280 1205 1380 1275 uenir
1395 1208 1555 1289 aRoma,

326 1343 440 1408 uenga
455 1321 491 1390 in
506 1323 612 1391 buon'
628 1327 715 1392 hora
730 1346 750 1391 a
766 1345 831 1392 suo
846 1325 994 1411 placere.

391 1439 533 1524 Quanto
549 1441 581 1508 al
597 1441 730 1508 fratello
746 1439 887 1510 Giouan
904 1439 1057 1509 Antonio
1074 1438 1260 1526 Viperano,
1280 1441 1325 1509 N.
1352 1441 1390 1507 P.
1414 1438 1557 1508 rimette

325 1553 407 1621 alui
423 1566 516 1624 steso
532 1568 567 1626 et
582 1581 602 1625 a
619 1558 662 1624 V.
684 1559 723 1625 R.
749 1579 787 1626 se
803 1556 929 1625 debbia
948 1557 1092 1644 leggere
1112 1556 1237 1624 alcuna
1256 1555 1405 1624 lectione
1421 1577 1443 1621 0
1465 1576 1555 1635 non3

327 1691 465 1738 marion
484 1673 561 1742 uole
574 1675 642 1740 che
657 1671 742 1760 pigli
758 1672 873 1754 fatica,
891 1675 994 1758 quale
1013 1682 1239 1742 suauemente
1259 1693 1330 1738 non
1350 1692 1452 1758 possa
1474 1691 1559 1758 por·

326 1795 410 1867 tare,
428 1797 462 1856 et
479 1808 549 1854 non
564 1789 643 1856 uole
659 1787 762 1856 etiam
778 1789 811 1856 lo
826 1787 955 1856 lassino
970 1787 1189 1876 deggiunare
1200 1789 1234 1854 la
1245 1785 1452 1873 quaresima;
1467 1796 1503 1854 et
1515 1807 1558 1853 se

325 1921 385 1986 per
400 1902 547 1986 qualche
563 1900 685 1990 giorno
700 1903 789 1972 della
805 1915 872 1988 73¹²
887 1903 937 1971 lui
952 1903 1075 1972 lacessi
1090 1902 1265 1984 instantia,
1285 1903 1329 1970 V.
1349 1903 1389 1970 R.
1406 1899 1507 1968 auisi.

390 2017 444 2084 De
461 2019 563 2084 Mtro.
583 2017 750 2089 Michaele
767 2018 785 2086 ὲ
803 2031 898 2088 certo
913 2022 980 2087 che
996 2019 1142 2107 bisogna
1159 2018 1315 2086 trattarlo
1331 2018 1374 2085 de
1390 2016 1550 2086 infermo.

393 2135 492 2201 Altro
508 2155 577 2202 non
593 2135 721 2202 accade
738 2135 939 2224 rispondere
955 2159 976 2204 a
990 2138 1085 2204 dette
1101 2137 1236 2207 lettere.

391 2249 487 2316 Tutti
503 2249 535 2318 ci
551 2249 848 2318 raccomandiamo
864 2252 922 2318 all'
940 2251 1085 2320 orationi
1100 2251 1136 2317 di
1152 2252 1194 2319 V.
1216 2253 1258 2318 R.
1281 2262 1317 2320 et
1337 2249 1417 2316 tutti
1441 2249 1554 2316 nostri

325 2365 514 2441 charissimi
532 2366 666 2435 fratelli.

389 2481 443 2549 De
460 2482 568 2548 Roma
585 2501 604 2566 3
621 2481 656 2549 di
673 2482 817 2550 Febraio
842 2499 940 2568 1554.

389 2599 584 2684 Inscriptio.
605 2598 784 2684 Augubio.
804 2600 871 2666 Per
888 2601 989 2668 Mtro.
1011 2599 1167 2668 Alberto.

897 2770 994 2853 4134

635 2893 776 2960 PATRI
801 2893 1025 2962 PHILIPPO
1049 2892 1237 2962 LEERNO

719 3005 839 3065 ηοω
856 3021 1035 3066 rmnornrr
1050 3021 1119 3078 ¹⁵54
1137 3011 1158 3063 ¹.

320 3139 366 3195 De
386 3141 505 3196 ratione
524 3143 638 3214 agendi
651 3159 717 3198 cum
735 3143 866 3212 quodam
884 3145 963 3207 viro,
980 3143 1017 3197 de
1033 3159 1091 3214 qno
1107 3143 1237 3213 suspicio
1255 3141 1557 3198 hebetum-Sodoles

357 3231 497 3286 'seorsim
514 3231 695 3288 scriberetis
712 3231 939 3287 animadversis
955 3234 989 3288 in
1006 3249 1183 3304 unoquoque
1196 3229 1555 3302 jacentum-Quomodo

373 3335 477 3374 eorum
492 3321 636 3392 epistotae
651 3320 779 3376 Romam
792 3320 970 3378 mittendae.

389 3446 460 3511 Pax
476 3445 618 3514 Christi.

387 3563 426 3630 L'
444 3563 530 3629 altra
547 3562 667 3632 lettera
684 3563 912 3632 imostrabile
924 3586 943 3630 a
955 3565 1069 3649 quella
1080 3585 1239 3650 persona,
1253 3564 1343 3632 della
1356 3565 1435 3649 qual
1447 3561 1554 3630 seris·

320 3700 358 3747 se
373 3679 417 3745 V.
437 3681 477 3746 R.
498 3679 562 3746 alle
579 3697 621 3762 23
636 3677 670 3744 di
687 3680 864 3749 Genuam.
879 3681 959 3747 Non
971 3702 1053 3767 pare
1065 3703 1125 3766 per
1137 3681 1261 3748 adesso
1273 3681 1361 3747 altro
1372 3680 1478 3745 modo
1491 3678 1552 3764 pih

320 3793 549 3864 conueniente
572 3797 636 3862 che
659 3794 884 3876 dissimulare,
908 3809 943 3865 et
964 3797 1148 3882 procedere
1169 3797 1460 3864 amoreuolmente
1480 3815 1548 3860 con

319 3911 432 3994 quella
448 3930 594 3996 persona
610 3913 635 3982 ².
653 3912 697 3978 Et
713 3933 777 3998 pur
797 3911 881 3998 ogni
903 3910 960 3978 doi
985 3911 1070 3979 mesi
1089 3911 1273 3998 bisogneri
1295 3912 1351 3978 ch'
1375 3909 1459 3996 ogni
1482 3931 1553 3992 vno

322 4043 518 4054 m—

373 4107 385 4139 4
423 4105 547 4161 Michael
563 4106 686 4178 Vignes.

372 4250 379 4280 ¹
421 4250 462 4304 Ex
476 4249 580 4306 codice
595 4251 713 4326 Regest.
732 4251 770 4317 11,
785 4251 835 4310 iol.
851 4249 974 4321 47r·48r.

370 4342 380 4372 ¹
419 4339 451 4398 P.
462 4341 592 4411 Joauues
606 4341 783 4397 Laurentius
797 4339 965 4396 Patarinus?
978 4339 1054 4396 Vide
1067 4341 1222 4412 epistolam
1236 4337 1317 4408 4131.
1333 4339 1369 4394 Et
1379 4338 1498 4411 quidem
1510 4337 1550 4394 de

318 4426 373 4482 hoc
392 4428 463 4500 viro,
486 4429 611 4502 Philippi
627 4431 733 4486 Leerni
752 4429 927 4500 collaterali,
941 4429 1044 4485 scribit
1062 4429 1244 4497 Potentem,
1267 4425 1391 4493 Cicron..
1410 4427 1462 4497 tv,
1488 4438 1553 4481 ror:

318 4517 369 4572 «P.
384 4517 561 4575 Laurentius
579 4520 744 4586 Pontinus,
759 4519 810 4593 qui
828 4519 1021 4577 conciones...
1038 4518 1249 4588 intermiserat,
1266 4526 1426 4590 antequam
1442 4531 1496 4572 ean
1508 4533 1556 4572 re·

317 4616 458 4674 sumeret,
478 4607 509 4664 P.
528 4610 643 4678 lgnatio
657 4609 808 4680 suggessit
820 4608 859 4664 de
871 4625 927 4664 suo
939 4609 1062 4664 Romam
1074 4606 1207 4663 adventu
1220 4616 1252 4662 ut
1266 4605 1373 4662 melius
1386 4623 1436 4661 res
1448 4605 1551 4662 Socie-

317 4695 386 4752 tatis
399 4697 510 4752 Romae
524 4698 736 4771 addisceret...;
751 4707 782 4753 et
796 4698 847 4769 ita,
861 4715 929 4753 cum
944 4698 973 4752 id
983 4713 1159 4754 concessum
1171 4697 1199 4751 ei
1212 4695 1329 4768 fuisset,
1343 4697 1400 4751 hoc
1410 4703 1555 4752 autumno
