3567 5409
404 500 487 556 450.
779 487 987 544 Mouuuauni
1012 486 1197 543 losantana-

371 638 399 704 si
421 651 525 724 tenga
551 650 722 725 separat03
746 640 886 725 perche,
910 660 975 705 con
996 640 1127 717 effetto‚
1153 638 1211 705 chi
1233 659 1294 724 per
1317 634 1339 703 1'
1363 636 1559 705 obedientia
1585 634 1603 702 ὲ

370 756 533 820 mandato
554 777 575 820 a
597 776 666 821 una
686 767 784 840 parte
801 776 827 820 o
847 755 946 835 altra,
970 765 1196 839 quantunque
1216 753 1301 835 solo,
1325 752 1476 819 intanto
1497 756 1561 821 che
1579 754 1602 818 l'

371 868 498 937 unione
514 892 696 973 perseuera
712 871 791 937 dell’
806 869 1015 949 obedientia,
1035 891 1103 937 non
1120 870 1138 935 ὲ
1156 880 1313 955 separato
1330 869 1372 936 ne
1385 868 1421 935 in
1438 888 1544 955 corpo
1556 869 1602 935 ne

368 985 402 1050 in
420 985 534 1052 anima
554 987 644 1053 della
666 1008 730 1054 sua
749 984 1036 1072 congregatione:
1060 997 1153 1054 etse
1176 1006 1237 1071 per
1259 1006 1329 1051 non
1349 1004 1449 1071 parer
1468 985 1511 1051 de
1532 994 1605 1051 star

368 1102 444 1168 solo
464 1102 590 1169 uolessi
614 1123 679 1169 con
703 1121 865 1169 successo
881 1101 915 1168 di
939 1112 1054 1187 tempo
1078 1101 1225 1185 qualche
1251 1120 1456 1186 compagno,
1481 1100 1524 1167 V.
1556 1102 1600 1167 R.

368 1226 492 1305 scriua,
515 1238 551 1291 et
571 1224 698 1292 chiami
721 1226 893 1311 qualcuno
920 1226 987 1292 che
1010 1225 1033 1290 li
1059 1224 1187 1310 piaccia
1211 1222 1245 1290 di
1268 1222 1498 1311 qualsiuoglia
1528 1224 1627 1290 coi?

370 1342 476 1428 legio.
1090 1324 1093 1330 ¹

433 1458 499 1524 Del
513 1457 660 1542 bisogno
679 1458 714 1522 d'
733 1478 780 1524 un
796 1457 974 1525 sacerdote
993 1477 1051 1541 per
1075 1457 1232 1541 Bologna
1254 1454 1282 1521 si
1302 1456 1402 1536 uede,
1419 1466 1454 1522 et
1475 1454 1505 1521 si
1522 1476 1601 1542 pro-

368 1572 492 1640 uederai
509 1594 574 1639 con
592 1574 614 1638 i'
632 1571 728 1639 aiuto
742 1570 873 1654 diuino,
892 1573 977 1639 satta
993 1592 1135 1657 pasqua.

433 1690 486 1755 De
501 1686 676 1755 Giouanni
692 1686 845 1754 Antonio
863 1690 874 1722 ’
890 1698 927 1753 et
943 1688 1110 1755 Thadeo⁸
1128 1685 1304 1773 sappiamo
1319 1690 1383 1755 che
1395 1687 1601 1753 arriuorono

366 1803 400 1870 in
417 1803 573 1884 Ancona,
592 1815 626 1873 et
641 1803 678 1869 di
692 1806 725 1869 la
741 1804 925 1870 undauano
945 1824 966 1871 a
985 1802 1160 1889 Peruggia
1179 1824 1239 1888 per
1257 1804 1362 1869 ueder
1376 1801 1404 1869 si
1422 1814 1599 1889 poteuano

269 1899 273 1905 ⁴
366 1939 483 2005 pascar
498 1941 518 1985 a
535 1919 700 1986 Fiorenza
716 1916 738 1985 l’
756 1940 838 2003 uno,
856 1928 923 1987 eta
939 1916 1043 1987 Siena
1059 1918 1082 1982 l'
1100 1920 1199 1985 altro.
1220 1920 1297 1985 Non
1313 1918 1489 2005 sappiamo
1506 1918 1597 1985 altro

366 2033 421 2120 poi
438 2034 472 2100 di
490 2035 576 2102 loro.

430 2151 499 2217 ΑΠ’
517 2150 663 2218 orationi
676 2151 720 2218 de
732 2153 776 2219 V.
793 2153 846 2231 R.,
866 2163 1094 2237 quantunque
1110 2150 1206 2217 siano
1218 2149 1328 2232 breui,
1348 2150 1453 2218 molto
1465 2149 1496 2217 ci
1514 2172 1593 2217 rac·

363 2266 615 2338 comandiamo.

428 2382 488 2451 Sia
503 2402 567 2450 oon
586 2382 666 2449 tutti
677 2386 763 2471 Jesti
779 2382 933 2450 Christo.

428 2501 483 2567 De
498 2500 607 2566 Roma
626 2517 666 2565 10
681 2496 716 2565 di
738 2502 855 2567 Marzo
876 2512 973 2582 1554.

429 2614 477 2682 Mi
493 2614 723 2682 dimenticaua
738 2615 781 2681 de
796 2614 883 2695 dire,
906 2616 971 2681 che
987 2614 1030 2680 V.
1050 2614 1092 2683 R.
1110 2612 1139 2679 si
1161 2623 1265 2699 tenga
1283 2632 1343 2699 per
1363 2612 1595 2705 despeqsaJta

359 2731 450 2798 circa
477 2729 500 2795 li
523 2729 591 2797 cibi
611 2746 646 2798 et
665 2728 808 2817 degiuni
829 2741 864 2799 et
886 2730 1006 2810 offitio,
1028 2706 1112 2809 etc,
1135 2729 1170 2795 in
1193 2739 1284 2795 tutto
1304 2729 1593 2796 accomodandosi

359 2845 423 2910 alla
438 2865 501 2911 sua
517 2844 640 2925 saniti3
658 2855 694 2913 et
709 2846 799 2912 delle
815 2846 901 2911 altre
917 2842 1030 2929 gratie
1051 2843 1141 2913 della
1156 2842 1378 2929 Compagnia
1389 2853 1479 2909 tutte
1495 2846 1595 2929 putri
1637 2896 1639 2899 .

360 2981 483 3029 usarne
504 2972 635 3044 quanto
656 2959 678 3025 li
701 2958 834 3026 sarain
856 2957 1096 3027 consolatione
1114 2981 1134 3025 a
1155 2959 1266 3045 gloria
1282 2959 1316 3025 di
1338 2958 1403 3025 Dio
1421 2959 1466 3026 N.
1485 2960 1537 3039 S..
1559 2970 1593 3027 et

358 3097 489 3170 quanto
505 3085 553 3171 gli
569 3088 704 3171 pareri.

426 3201 621 3287 Inscriptio.
641 3202 672 3267 Α
692 3200 858 3286 Boiogna.
878 3202 957 3267 Don
977 3198 1122 3266 Battista
1141 3198 1251 3266 Vioia.

650 3487 789 3553 PATRI
820 3361 1086 3553 Fnaddigco
1114 3485 1295 3553 PALMlO

770 3612 858 3655 noun
882 3612 915 3653 ιο
933 3612 1043 3655 ainau
1065 3610 1133 3669 1554
1154 3601 1174 3657 ⁴.

354 3736 533 3808 Superiores
542 3737 583 3791 ad
601 3734 719 3790 Violam
733 3735 853 3789 litteras
866 3733 1179 3791 commemorat-De
1192 3734 1303 3804 templo
1317 3732 1374 3789 Sti.
1391 3734 1534 3789 Andreae
1547 3736 1589 3789 ad

425 3826 583 3883 Societatis
598 3825 772 3880 ministerio
784 3820 1178 3895 comparando-Litterae
1187 3841 1223 3879 ex
1235 3824 1325 3878 India
1337 3816 1514 3881 mittuntur.

419 3967 492 4037 Pax
509 3970 567 4038 X}

418 4087 652 4155 Riceuessimo
668 4086 780 4171 quelle
796 4085 840 4150 de
857 4084 901 4150 V.
921 4085 960 4149 R.
981 4084 1025 4151 de
1041 4082 1098 4149 doi
1114 4084 1168 4151 del
1186 4095 1357 4169 presente.

418 4204 462 4269 Et
477 4202 568 4270 circa
584 4202 607 4267 il
624 4203 664 4268 P.
685 4200 797 4281 viola,
817 4198 946 4285 perche
969 4220 1006 4267 se
1023 4198 1046 4264 li
1070 4198 1183 4266 scriue
1204 4198 1456 4279 diffusamente‚
1481 4220 1501 4265 a
1522 4218 1585 4267 sua

350 4320 471 4386 lettera
487 4320 533 4385 mi
551 4319 691 4386 rimetto
707 4318 733 4382 ¹.

354 4438 429 4447 ——-
445 4436 550 4444 ——-.-

402 4486 412 4513 ¹
450 4481 580 4549 Joannes
595 4476 744 4533 Antonius
759 4475 974 4547 neapolitanus.
992 4473 1068 4529 Vide
1082 4474 1236 4546 epistolam
1251 4474 1332 4543 4169.

404 4575 415 4602 '⁸
451 4567 627 4623 Thaddaeus
642 4565 794 4638 Amuroni,
810 4565 957 4623 senensis.

406 4719 413 4751 ¹
451 4714 495 4768 Ex
508 4711 609 4767 codice
621 4712 741 4782 Regest.
755 4710 797 4774 11,
812 4708 934 4766 tolca.
1026 4710 1038 4743 ¹
1075 4706 1152 4762 Vide
1168 4707 1321 4779 epistotam
1335 4705 1526 4778 superiorem.
