3567 5409
396 434 450 491 554
777 422 984 477 Mosuuenra
1003 421 1182 477 lunarum

361 574 570 643 commercio
586 574 624 641 in
641 574 786 643 Vienna.
812 572 853 642 Li
868 574 988 641 danari
1009 595 1077 640 non
1094 596 1133 641 so
1153 577 1217 643 che
1234 594 1361 640 ancora
1376 576 1400 639 l'
1420 573 1601 641 habbiano

361 689 448 756 datti
465 689 575 773 questi
594 690 769 769 tudeschi;
790 711 844 755 ma
859 689 893 755 io
915 694 1123 777 prometterd
1140 713 1161 757 a
1182 690 1294 774 questi
1316 690 1545 767 marcadanti,
1563 698 1604 755 et

361 805 391 873 si
408 805 503 895 no[n]
518 804 550 872 ci
566 826 653 871 sono
669 804 728 889 qui
745 806 877 885 danari,
895 806 1032 873 auiserd
1046 828 1066 873 a
1083 808 1126 873 V.
1147 809 1187 873 R.

430 922 490 990 Sia
501 924 587 1010 Jesit
604 922 669 988 X.⁰
684 942 751 989 con
770 922 851 987 tutti
868 921 942 990 noi.

430 1041 482 1105 De
500 1040 607 1105 Roma
625 1057 644 1122 3
660 1040 704 1105 de
722 1036 841 1125 Aprile
862 1054 959 1121 1554.

432 1154 630 1239 Inscriptio.
652 1157 717 1221 Per
732 1154 756 1219 il
774 1156 814 1220 Ρ.
834 1156 966 1239 Lanoy.

924 1336 1029 1417 433⁰

548 1470 686 1535 eursu
712 1469 931 1536 nomano
956 1470 1153 1537 nummu
1179 1470 1239 1537 ex
1264 1470 1416 1537 conu.

797 1604 885 1647 noua
900 1594 916 1646 3
930 1606 1050 1648 uentus
1067 1606 1135 1663 1554
1152 1598 1170 1651 ¹.

366 1727 411 1781 De
426 1728 549 1781 Andreo
568 1728 690 1781 Linerio
707 1732 735 1781 et
747 1727 943 1795 aliojuvene.
954 1722 1167 1795 -Qaintinum
1185 1728 1331 1781 Clearlnrt
1343 1745 1411 1782 cum
1424 1726 1501 1781 aliis
1512 1726 1612 1780 sociis

419 1818 451 1869 in
469 1816 651 1871 Flnndrr'om
665 1819 791 1871 missum
799 1815 903 1888 fnisse
916 1818 1052 1871 nuntiat:
1070 1816 1179 1872 Petrus
1199 1820 1358 1873 Adrianus
1375 1834 1430 1871 cur
1444 1816 1607 1881 mittatur,

418 1906 597 1961 crocea-oe
607 1907 798 1975 germanicis
810 1906 1046 1961 adolescentibus
1063 1908 1095 1961 in
1116 1904 1225 1961 Urbem
1237 1907 1402 1977 perventis.

438 2059 510 2123 Pax
527 2056 584 2124 X}

437 2172 648 2240 Charissime
664 2174 698 2238 in
717 2174 781 2241 X.⁰
801 2176 914 2242 Pater.

438 2291 504 2355 Per
520 2288 651 2356 litteras
668 2291 711 2355 V.
733 2291 788 2368 R..
808 2292 851 2355 28
863 2290 1019 2378 Januarii
1033 2291 1191 2376 scriptas,
1208 2290 1438 2357 intelleximus
1455 2310 1548 2373 quae
1562 2290 1610 2356 de

371 2404 512 2471 Andrea
529 2403 632 2472 Liner
647 2404 899 2473 scribebantur:
920 2406 1122 2474 misereatur
1138 2406 1183 2471 illi
1203 2404 1381 2473 Dominus.

437 2522 491 2587 De
502 2519 634 2604 juuene
650 2518 721 2599 nto,
741 2522 774 2585 in
794 2521 934 2605 patriam
953 2521 1113 2601 remiss0,
1132 2523 1226 2606 quod
1247 2521 1373 2606 duplici
1395 2520 1510 2585 animo
1526 2542 1612 2587 esse

371 2632 724 2725 deprehendereltur],
745 2638 831 2704 bene
847 2649 965 2703 actum
982 2650 1046 2703 est.
1066 2637 1230 2703 Nonnulli
1246 2636 1366 2703 flandri
1383 2650 1409 2718 ⁸,
1427 2638 1462 2701 in
1481 2636 1535 2701 his
1551 2658 1608 2703 re-

370 2750 534 2837 gionibus
554 2752 710 2831 admissi,
734 2753 847 2819 minus
869 2752 1048 2819 nobiseum
1069 2764 1229 2839 egerunt.
1253 2754 1323 2823 Sed
1347 2753 1430 2837 quid
1455 2754 1498 2819 ad
1525 2772 1608 2830 nos,

371 2888 451 2932 cum
470 2866 536 2932 iarn
553 2867 621 2933 sint
637 2881 734 2934 extra
751 2867 958 2937 Societatem
972 2868 1001 2935 ¹³?

441 2982 577 3049 Nudius
594 2983 716 3051 tertius
731 2986 906 3071 proiectus
922 2998 975 3053 est
994 2986 1182 3053 Louanium
1207 3008 1328 3054 uersus
1346 2988 1388 3052 P.
1412 2983 1612 3069 Quintinus

372 3120 452 3165 cum
473 3101 512 3164 P.
534 3100 687 3165 Antonio
704 3102 870 3169 Boucleto
885 3113 921 3169 et
936 3102 1003 3169 alio
1016 3102 1147 3186 juuene
1162 3103 1312 3177 flandm,
1331 3102 1460 3167 Romae
1476 3099 1610 3165 admis-

372 3237 413 3281 so
428 3225 454 3293 ⁰,
472 3214 530 3297 qui
550 3217 674 3281 Petrus
690 3216 865 3284 Adrianus
879 3216 1006 3284 dicitur
1023 3220 1046 3285 ¹.
1068 3217 1223 3285 Venetiis
1239 3218 1356 3285 itidem
1375 3228 1535 3281 curatum
1553 3226 1612 3283 est

282 3385 284 3388 .
374 3342 413 3395 ut
428 3330 495 3395 illis
510 3343 672 3396 occurrat
690 3331 725 3395 P.
745 3332 920 3399 Adrianus
942 3334 1136 3413 CandiduS,
1159 3332 1421 3418 antuerpiensis.
1446 3332 1613 3399 Deducat

374 3466 435 3512 eos
451 3446 621 3513 Dominus
636 3446 840 3529 incolumes
858 3460 1029 3517 eteorum
1047 3462 1160 3514 vtatur
1178 3447 1365 3513 ministerio
1381 3449 1423 3513 ad
1441 3446 1613 3531 plurimo-

376 3584 452 3629 rum
470 3558 657 3651 a[u]xilium
679 3562 868 3648 spirituale.
887 3566 984 3631 Duos
1007 3565 1134 3650 primos
1151 3566 1240 3633 bene
1256 3566 1354 3629 nouit
1367 3566 1410 3629 V.
1432 3566 1473 3629 R.
1496 3562 1614 3649 Magi-

374 3689 445 3744 ster
469 3678 644 3744 Adrianus
667 3678 856 3758 CandiduS,
874 3684 903 3746 si
929 3680 1109 3749 sanitatem
1134 3682 1305 3765 integram
1330 3678 1610 3765 recuperauerit,

375 3792 572 3879 aptissimus
588 3792 603 3833 ‘¹
619 3807 672 3861 est
688 3805 723 3859 et
739 3796 782 3861 ad
799 3796 942 3876 litterae,
960 3808 994 3863 et
1011 3799 1056 3862 ad
1068 3796 1336 3883 predicationem
1354 3807 1388 3864 et
1406 3816 1531 3861 ornnes
1547 3795 1613 3862 So·

374 3908 508 3976 cietatis
525 3910 733 3978 functiones.
754 3914 879 3979 Petrus
897 3913 1070 3979 Adrianus
1087 3934 1155 3979 non
1170 3914 1260 3977 malo
1276 3910 1417 3997 ingenio
1430 3909 1611 3995 praeditus

314 4004 318 4010 ⁵
375 4036 439 4091 est.
467 4025 537 4093 Sed
558 4026 631 4103 hic,
654 4038 794 4111 propter
815 4027 928 4092 minus
950 4049 1144 4113 prosperam
1163 4026 1408 4105 ualetudinem,
1432 4024 1609 4092 ueletiam

411 4175 576 4184 —ffl-

430 4270 444 4297 ι
482 4254 794 4312 Nunnullitlandims.
835 4288 852 4297 —
870 4262 884 4300 b
904 4259 943 4313 sit
961 4267 1044 4313 extra
1063 4258 1298 4316 Societatelms.
1339 4273 1386 4301 -ο
1405 4258 1539 4313 admissu
1554 4274 1608 4313 ms.

379 4343 428 4385 -d
446 4343 615 4399 notissimus
627 4362 683 4401 ma.

459 4478 573 4486 ...a-..-

434 4561 439 4581 ¹
482 4557 524 4611 lix
538 4556 773 4631 codicemgesr.
791 4560 832 4625 ΙΙ,
847 4560 896 4619 fol.
911 4560 971 4619 ilar.

433 4645 444 4675 ²
484 4644 560 4701 Vide
572 4648 728 4719 epistolam
741 4648 822 4718 4308.
