3567 5409
398 472 451 528 288
771 474 978 531 Monouaurrt
1004 475 1182 531 teutmaro

429 626 494 695 Del
511 626 605 694 ridor
620 648 642 694 a
658 638 709 695 tre
724 624 824 694 classi
842 637 931 694 tutte
946 626 1060 712 quelle
1075 628 1142 695 che
1157 626 1187 693 si
1198 648 1295 708 sono,
1312 626 1403 693 forsa
1416 648 1454 693 se.
1466 626 1496 693 si
1507 646 1592 697 met-

362 742 443 809 tessi
460 742 593 823 ordine,
612 764 680 810 non
696 744 840 811 sarebbc
856 754 952 810 tanto
968 742 1105 824 dificile,
1123 752 1159 812 et
1179 741 1215 809 di
1234 753 1357 827 questo
1378 764 1486 829 penso
1506 742 1592 811 scri-

364 863 447 929 uerd
463 860 550 926 altra
565 859 761 929 settimana.
1280 861 1283 867 ’

427 975 471 1042 V.
491 976 532 1042 R.
550 974 703 1063 agionga
719 976 784 1043 alle
801 975 918 1062 regole
934 997 1009 1055 sue,
1027 978 1092 1044 che
1107 974 1166 1042 chi
1182 975 1293 1043 nonsi
1309 974 1469 1043 confessa
1485 974 1510 1041 il
1525 996 1592 1043 suo

361 1091 498 1177 giorno,
515 1090 539 1157 il
555 1103 721 1177 sequente
738 1112 806 1158 non
822 1090 846 1156 li
867 1090 971 1159 diano
991 1092 1023 1157 la
1045 1082 1236 1159 reffettione
1257 1092 1434 1178 corporale
1457 1090 1592 1179 [prima]

360 1208 513 1276 chonon
529 1206 614 1295 pigli
629 1209 660 1272 la
680 1206 869 1294 spirituale.

424 1324 469 1390 Di
481 1326 567 1391 altre
578 1344 659 1391 cose
670 1323 716 1388 mi
729 1322 866 1391 rimetto
878 1346 898 1391 a
911 1324 1027 1409 quello
1036 1326 1101 1391 che
1114 1324 1151 1391 lu
1163 1323 1283 1391 scritto
1296 1323 1455 1409 quindeci
1468 1324 1504 1392 di
1517 1324 1553 1392 n
1564 1326 1589 1391 ¹.

424 1440 482 1510 Sia
498 1462 564 1507 con
580 1439 662 1506 tutti
678 1438 761 1526 Jesrl
777 1438 844 1509 X.⁰

423 1558 476 1624 De
493 1559 602 1623 Roma
620 1576 638 1641 3
655 1556 699 1626 de
715 1556 861 1624 Febraio
882 1572 979 1641 1554.

427 1674 622 1758 Inscriptio,
640 1674 673 1739 A
692 1674 820 1741 Padoa.
839 1668 885 1739 At
905 1676 943 1739 Ρ.
963 1675 1066 1741 Mtro.
1086 1673 1232 1740 Battista
1249 1674 1384 1739 Tauon.

932 1854 1023 1935 4138

549 1986 691 2053 PATRI
714 1931 917 2065 CAESARI
941 1987 1125 2054 HELMIO
1150 1988 1212 2055 EX
1237 1986 1389 2054 COMM.

755 2122 842 2165 nour
862 2107 1064 2166 Marouion
1086 2122 1154 2181 ¹554
1169 2112 1190 2168 ¹.

353 2244 489 2315 Acceptis
511 2244 624 2297 litteris
642 2242 1034 2315 respondrl.-Precotoria
1049 2260 1156 2314 grana
1176 2244 1314 2299 11141ὶὲ1.-
1323 2242 1367 2298 Dc
1387 2244 1476 2299 sociis
1491 2244 1590 2318 Jona-

405 2350 442 2387 nc
464 2331 608 2396 Antonio,
632 2330 765 2387 chrico
789 2337 818 2386 el
844 2330 1160 2387 Hadriaco-Socim
1179 2332 1337 2388 Florentio
1352 2334 1489 2405 sortasse
1512 2334 1588 2389 mil·

405 2422 525 2477 landus.

419 2558 491 2622 Pax
508 2554 648 2622 Christi.

417 2672 650 2741 Riceuessimo
667 2673 779 2755 quella
794 2672 838 2736 de
855 2688 897 2753 27
918 2671 961 2738 de
978 2671 1020 2737 V.
1041 2674 1098 2753 R„
1121 2684 1155 2737 et
1177 2672 1220 2739 N.
1247 2673 1286 2738 P.
1311 2683 1346 2739 et
1368 2670 1448 2739 tutti
1470 2672 1529 2739 noi
1553 2675 1586 2741 ei

254 2791 260 2801 ’
349 2790 458 2855 siamo
484 2788 588 2854 molto
616 2786 791 2874 rallegrati
813 2787 869 2853 nel
889 2786 1017 2873 Signor
1038 2799 1156 2853 nostro
1178 2788 1267 2856 della
1288 2789 1404 2855 buona
1425 2799 1460 2858 et
1482 2802 1586 2857 santa

348 2903 562 2971 ordinatione
578 2904 634 2971 dcl
648 2902 757 2968 nlmo.
777 2902 866 2968 duca
882 2903 907 2967 ⁸.
927 2901 995 2967 Dio
1011 2904 1054 2969 N.
1070 2904 1106 2971 S.
1122 2904 1156 2969 lo
1169 2902 1322 2989 prosperi
1335 2904 1392 2971 nel
1404 2925 1468 2971 suo
1480 2917 1586 2972 santo

347 3018 499 3087 seruitio

413 3136 452 3203 L'
481 3133 655 3203 auemarie
682 3135 878 3217 benedette,
909 3135 976 3203 che
1003 3133 1205 3221 monsignor
1225 3145 1346 3201 nostro
1367 3136 1379 3169 ⁸
1404 3134 1583 3217 (rimanda,

348 3272 462 3317 uanno
482 3249 554 3337 qui;
578 3262 613 3317 et
633 3252 761 3337 parchi
782 3270 850 3316 non
871 3249 1033 3317 dimanda
1053 3271 1195 3337 numero
1222 3249 1461 3331 determinato,
1491 3251 1585 3318 delle

346 3369 455 3453 poche
470 3367 536 3432 che
551 3365 583 3433 ei
600 3377 784 3434 restauano
801 3365 925 3432 manda
941 3380 1059 3432 nostro
1077 3366 1188 3434 Padre
1209 3384 1260 3433 10:
1279 3385 1301 3448 4
1317 3366 1405 3433 delle
1426 3386 1585 3434 commu-

345 3504 401 3563 ne,
418 3503 436 3566 3
450 3483 538 3551 delle
550 3482 675 3570 anime,
689 3492 724 3548 et
738 3502 757 3565 3
770 3482 813 3548 de
831 3492 920 3547 tutte
937 3481 968 3549 lc
984 3481 1094 3567 gratie
1110 3482 1136 3563 ‘‚
1154 3482 1328 3549 credendo
1344 3502 1493 3551 seranno
1509 3484 1583 3550 ben

344 3599 527 3678 collocate,
546 3609 581 3666 et
597 3619 662 3663 con
678 3599 711 3665 la
726 3595 922 3664 conditione
938 3598 1005 3665 che
1021 3598 1065 3664 N.
1085 3599 1125 3663 P.
1149 3598 1222 3665 sole
1244 3596 1424 3679 deerrare,
1447 3598 1504 3665 del
1528 3600 1584 3665 far

343 3735 411 3779 vna
427 3712 644 3781 confessione
660 3712 824 3799 generale
839 3712 895 3777 chi
912 3734 981 3778 non
995 3710 1018 3777 l'
1036 3714 1081 3779 ha
1099 3713 1197 3792 satta,
1216 3724 1251 3780 ct
1267 3710 1359 3798 dipoi
1382 3714 1583 3798 frequenta·

343 3850 380 3895 re
395 3831 428 3895 la
444 3828 660 3896 consessione
677 3828 760 3913 ogni
776 3849 881 3896 mese.

392 4008 404 4041 ¹
442 4005 518 4061 Vide
531 4006 687 4077 epistolam
701 4004 784 4073 4086.

396 4154 404 4184 ¹
444 4151 488 4204 Ex
503 4148 606 4205 codice
621 4150 743 4221 Regcst.
759 4147 866 4215 11,t01.
881 4160 936 4216 47v
950 4154 981 4205 et
993 4148 1053 4217 48¹·
1068 4150 1212 4220 Quamvis
1226 4149 1381 4222 perspicue
1400 4147 1434 4204 «3
1445 4148 1476 4205 di
1494 4152 1580 4208 Gen-

342 4258 429 4296 naro»
448 4239 585 4295 librarius
598 4239 762 4311 scripserit,
775 4255 829 4294 nos
846 4238 863 4293 3
876 4238 1030 4294 Februarii
1050 4240 1235 4313 apponimus,
1247 4240 1316 4313 quia
1329 4240 1407 4295 inter
1423 4240 1496 4296 alias
1514 4240 1577 4314 epi·

340 4330 431 4383 stolas
444 4328 493 4382 die
507 4326 523 4382 3
535 4327 689 4383 Februarii
703 4326 787 4382 datas
801 4328 897 4382 locum
911 4326 941 4381 in
957 4326 1091 4398 Regastis
1104 4337 1239 4400 occupat.

392 4423 404 4451 ²
442 4418 557 4472 Marcus
571 4418 720 4494 Antonius
733 4416 918 4486 Trivisanus,
936 4433 1023 4488 quem
1042 4417 1151 4487 passim
1167 4419 1327 4490 scriptores
1345 4418 1446 4472 veneti
1461 4418 1578 4475 meritis

337 4514 480 4562 exornant
493 4506 640 4563 laudibus.

391 4598 402 4628 ⁸
440 4593 574 4650 Andreas
588 4594 798 4668 Lippomanus.

391 4689 402 4719 ⁴
438 4683 514 4739 Vide
528 4702 627 4757 supra,
642 4685 695 4755 IV,
709 4697 761 4753 575
775 4692 806 4739 et
819 4684 885 4754 576.
