3567 5409
412 500 466 572 418
798 503 1004 559 Monuusnm
1020 504 1197 559 {enemim

377 656 508 734 scuola,
526 653 556 720 si
571 656 700 723 haueri
715 653 892 741 patientia,
912 666 946 723 et
962 658 1073 724 anche
1094 656 1183 724 nelle
1205 656 1292 725 altre
1311 676 1405 737 cose;
1428 654 1559 741 perche
1581 652 1618 719 in

378 791 506 857 genere
521 770 698 857 parlando,
717 781 847 855 quanto
862 770 923 857 piri
938 770 966 838 si
983 770 1151 856 restringe
1168 770 1370 858 monsignor
1387 773 1398 805 ⁴
1415 782 1451 838 et
1465 773 1499 839 la
1511 770 1615 851 cittii,

378 897 473 954 tanto
489 907 612 953 manco
628 886 816 956 deuotione
831 888 875 953 ha
896 887 928 954 la
944 886 1160 975 Compagnia
1175 888 1219 957 de
1234 887 1436 970 estendersi;
1454 901 1487 956 et
1500 887 1618 955 serui·

377 1006 413 1069 ri
429 1013 552 1088 questo
568 1002 611 1069 de
628 1004 777 1071 Modena
791 1002 928 1071 almeno
947 1025 1007 1090 per
1019 1002 1190 1090 essempio
1204 1005 1247 1071 de
1260 1024 1330 1071 non
1342 1015 1493 1073 accettar
1505 1000 1617 1071 simili

376 1117 500 1204 collegi
516 1138 618 1185 senza
636 1116 794 1204 maggior
813 1119 1036 1188 fondamento
1051 1119 1086 1185 di
1102 1140 1195 1201 casa3
1213 1131 1247 1187 et
1267 1118 1397 1200 chiesa,
1420 1133 1456 1188 et
1474 1132 1616 1189 sosten-

376 1233 497 1316 ration,
520 1244 588 1301 ete.

443 1351 487 1418 V.
506 1352 548 1417 R.
568 1371 637 1417 non
654 1350 735 1417 lasci
752 1351 890 1417 lauorar
908 1363 1031 1439 troppo
1047 1353 1079 1417 al
1097 1352 1319 1438 Boninsegna
1335 1354 1360 1433 ³,
1378 1350 1422 1419 nie
1437 1352 1493 1419 alli
1512 1349 1611 1433 altri,

375 1476 410 1533 et
428 1477 533 1553 tenga
548 1478 652 1533 conto
668 1488 735 1533 con
752 1468 784 1533 la
800 1466 912 1533 sanitit
928 1489 991 1534 sua
1007 1479 1041 1533 et
1058 1466 1139 1536 delli
1154 1465 1243 1533 suoi.
1331 1486 1333 1491 ·

441 1583 582 1669 Quanto
598 1583 630 1649 al
646 1582 799 1651 riceuere
814 1583 893 1668 quel
915 1580 1131 1668 giovanetto,
1156 1584 1200 1649 V.
1226 1584 1268 1651 R.
1292 1593 1416 1669 poteua
1437 1581 1611 1651 escusarsi

375 1719 442 1765 con
458 1698 532 1765 dire
547 1702 614 1767 che
628 1709 728 1765 staua
744 1720 765 1764 a
779 1697 989 1779 obedientia,
1007 1709 1042 1764 et
1057 1698 1195 1767 doueua
1211 1719 1350 1767 seruare
1371 1699 1393 1764 li
1412 1697 1541 1781 statum
1567 1720 1609 1767 se

373 1814 403 1880 si
420 1812 559 1883 hauessi
573 1835 594 1881 a
610 1835 691 1880 usar
705 1813 951 1899 dispensation,
969 1816 1034 1881 che
1052 1824 1174 1881 tocaua
1185 1816 1218 1880 al
1232 1814 1343 1882 Padre
1356 1812 1523 1900 preposito
1535 1832 1606 1901 ge-

374 1931 501 2011 nerale,
519 1944 552 1997 et
569 1932 633 1996 che
649 1929 869 1999 scriuerebbe
885 1930 931 1998 V.
951 1931 991 1997 R.
1011 1928 1106 2009 alui,
1124 1941 1192 1997 etc.
1211 1930 1255 1996 Et
1271 1929 1388 2015 sappia
1404 1932 1470 1997 che
1484 1950 1605 2015 spesse

377 2046 468 2112 uolte
489 2044 517 2112 si
543 2046 649 2113 fanno
674 2045 887 2133 imbasciate,
913 2046 1002 2115 delle
1025 2045 1118 2132 quali
1140 2066 1230 2131 poco
1254 2067 1338 2112 sano
1363 2044 1468 2131 quelli
1490 2044 1522 2111 in
1545 2044 1605 2111 cui

374 2183 475 2229 nome
491 2161 519 2227 si
536 2163 652 2230 fanno.
671 2163 749 2229 Non
766 2186 823 2231 era
838 2164 949 2231 anche
964 2161 1232 2231 inconueniente
1249 2162 1361 2248 parlar
1377 2162 1500 2229 alcuno
1519 2160 1602 2229 delli

373 2277 479 2345 nostri
496 2279 528 2344 al
543 2290 774 2365 gouernatore
789 2278 1041 2366 significandoli
1057 2278 1091 2345 lo
1106 2289 1248 2358 statuto,
1267 2278 1401 2346 benene
1417 2278 1447 2345 si
1463 2278 1599 2345 sarebbe

372 2393 457 2479 ogni
472 2392 579 2461 offitio
593 2395 648 2460 col
658 2393 846 2481 superiore,
865 2394 1003 2480 quando
1021 2392 1102 2461 fossi
1119 2405 1240 2479 questa
1255 2414 1319 2460 sua
1335 2395 1479 2461 uoluntti
1494 2392 1600 2459 omni·

375 2508 488 2591 moda,
506 2522 575 2579 etc.

439 2616 559 2713 segia
575 2624 595 2693 ὲ
611 2636 793 2708 accettato,
812 2623 989 2711 patientia3
1009 2635 1043 2694 et
1059 2645 1183 2692 serano
1195 2624 1254 2712 piir
1275 2622 1368 2692 cauti
1390 2626 1476 2691 altra
1497 2625 1593 2693 uolta.

373 2739 401 2805 E
424 2741 538 2806 buona
558 2740 703 2827 ragione
724 2762 782 2827 per
804 2762 872 2807 non
896 2750 1046 2808 accettar
1066 2740 1089 2806 li
1111 2739 1169 2807 tali
1191 2740 1263 2808 dire
1285 2742 1349 2809 che
1371 2742 1555 2827 perderano
1570 2738 1594 2806 il

373 2865 500 2941 tempo,
518 2877 588 2921 non
604 2856 751 2925 essendo
767 2855 823 2923 chi
838 2856 862 2922 li
879 2856 1024 2942 insegna
1040 2855 1150 2924 simile
1171 2876 1264 2924 cose.

439 2973 516 3038 Non
538 2974 625 3037 altro
646 2995 706 3058 per
725 2984 859 3058 questa,
884 2994 922 3040 se
943 2994 1012 3039 non
1033 2974 1097 3038 che
1118 2972 1172 3037 all'
1194 2971 1340 3039 orationi
1361 2972 1405 3039 de
1427 2972 1471 3039 V.
1490 2972 1530 3039 R.
1549 2970 1591 3036 mi

375 3088 613 3155 raccomando.
1486 3077 1490 3089 ’

440 3202 499 3272 Sia
515 3224 580 3270 con
598 3204 678 3271 tutti
690 3206 774 3293 Jesn
792 3202 857 3274 X.⁰

440 3320 493 3385 De
510 3320 619 3387 Roma
636 3339 655 3404 3
673 3323 789 3389 Marzo
810 3334 908 3404 1554.

439 3435 635 3522 inscriptio.
656 3437 687 3502 A
706 3436 863 3504 Modena.
884 3436 929 3502 Al
948 3436 986 3501 P.
1009 3436 1110 3501 Mtro.
1132 3432 1304 3521 Philippo.

484 3702 626 3771 PATRI
649 3704 824 3793 JOANNl
850 3592 1220 3773 BTA⁴Ei²iAvoN0
1246 3705 1307 3771 EX
1331 3704 1486 3772 COMM.
1541 3706 1548 3731 ¹

804 3823 890 3869 noun
904 3808 920 3864 3
933 3824 1042 3866 unnnn
1058 3823 1127 3881 1554
1143 3812 1161 3869 ¹.

371 3924 501 3980 Litteras
517 3927 659 3994 proxima
675 3926 861 3982 hebdomada
877 3944 908 3983 se
925 3928 1072 3981 daturum
1088 3926 1288 3997 promittit-
1300 3926 1344 3981 De
1362 3926 1450 3982 sociis
1468 3930 1589 3998 permn-

420 4016 619 4073 tandin-De
632 4016 829 4088 indulgentia
844 4020 903 4089 pro
916 4016 1025 4087 templo
1044 4016 1125 4072 Stoa.
1146 4016 1265 4071 Mariae
1282 4012 1590 4089 Mammam-Lit-

421 4108 505 4160 taran
517 4104 645 4159 nuntiae
656 4122 791 4177 quanam
806 4107 858 4159 via
875 4106 1051 4162 mittendae.

439 4232 511 4297 Pax
527 4230 583 4297 X}

437 4348 480 4414 D'
498 4347 584 4414 altre
599 4367 679 4414 cose
696 4344 724 4413 si
740 4344 948 4431 responderi
966 4366 986 4413 a
1002 4346 1045 4413 V.
1065 4346 1106 4413 R.
1125 4360 1160 4411 et
1176 4344 1208 4412 al
1230 4346 1365 4413 fratello
1387 4349 1490 4416 Mtro.
1517 4346 1590 4415 Pie·

369 4474 423 4527 tro
440 4463 560 4530 Birton
575 4463 661 4529 altra
677 4460 859 4529 settimana
871 4462 899 4529 ³.

445 4566 565 4575 ’,-

399 4569 432 4639 -*
469 4603 614 4675 Aegidius
627 4604 827 4659 Foscnrarius.
1046 4607 1056 4639 ⁸
1095 4602 1229 4660 Andreas
1242 4602 1441 4675 Boninsegna.

420 4732 427 4764 ¹
468 4730 511 4785 Ex
524 4728 626 4785 codice
642 4730 760 4801 Regest,
777 4728 819 4800 11,
833 4727 883 4783 fol.
898 4728 964 4797 65v.
1043 4732 1055 4763 ³
1093 4728 1168 4784 Vide
1182 4730 1323 4801 epistolae
1333 4729 1405 4800 4276
1417 4738 1448 4785 et
1458 4742 1539 4801 4277.
