3567 5409
551 480 656 535 Eersr.
676 477 833 549 4309···²8
851 480 967 537 Manrn
988 490 1057 549 1554
1335 491 1388 548 527
1423 446 1435 491 ἰ

673 706 680 720 .
752 651 860 732 4309

225 782 366 849 PATRI
382 783 615 867 QUINTINO
632 782 892 851 CHARLART
909 784 970 849 ET
985 780 1137 853 SOCIIS
1154 786 1216 857 EX
1234 784 1387 852 COMM.

520 974 523 979 Ι
604 919 692 963 noun
712 905 747 961 28
766 920 876 962 unnru
898 918 967 976 1554
987 908 1007 962 ¹.

346 1039 504 1108 Quomodo
515 1056 545 1095 se
555 1056 666 1112 gerere
679 1041 814 1105 debeant,
829 1042 940 1112 quidve
951 1040 1075 1113 facturi
1092 1043 1165 1110 sint,
1178 1044 1270 1099 docet.

756 1213 857 1354 Jhirs.

271 1392 522 1477 nusrnurroun
539 1429 607 1475 ren
624 1428 660 1475 n.
678 1429 711 1476 r.
731 1428 843 1476 urno.
863 1427 1042 1487 Qulnrfflo
1059 1429 1105 1477 ΕΤ
1122 1428 1256 1488 QUELLI
1273 1430 1347 1477 cue

519 1542 716 1590 ANDERANO
739 1543 778 1590 IN
800 1543 870 1590 SUA
891 1542 1103 1591 COMPAGNIA

262 1676 543 1753 Primeramente,
558 1684 697 1740 statano
710 1674 733 1739 ii
746 1672 824 1741 altri
838 1696 859 1739 a
875 1673 1071 1740 obedientia
1086 1674 1130 1743 de
1142 1675 1239 1743 detto
1253 1676 1294 1741 P.
1312 1675 1428 1760 Quin-

193 1791 266 1858 tino
282 1791 425 1858 insinoa
441 1800 537 1857 tanto
553 1792 618 1859 che
633 1789 683 1857 sia
699 1789 796 1855 finito
812 1789 836 1854 il
852 1788 1006 1875 viaggi0,
1020 1800 1056 1857 et
1068 1789 1117 1855 lui
1129 1789 1158 1855 si
1171 1789 1356 1877 aggiutarzi
1370 1791 1428 1857 del

193 1905 371 1993 conseino
397 1908 440 1973 de
466 1906 523 1972 chi
551 1906 574 1972 li
602 1906 735 1992 pareri,
764 1915 799 1971 et
827 1905 955 1973 hauera
984 1926 1067 1971 cura
1094 1905 1339 1991 specialrnente
1372 1907 1430 1973 del

195 2026 241 2090 P.
265 2024 370 2091 Mtro.
390 2022 546 2091 Adriano
557 2022 726 2102 Candido,
745 2021 768 2087 il
784 2023 886 2108 quale
902 2022 938 2087 in
952 2021 1096 2089 Venetia
1113 2022 1136 2087 li
1153 2022 1338 2108 aspettari,
1357 2044 1378 2089 o
1396 2022 1431 2088 in

195 2139 328 2222 Padua,
346 2149 381 2208 et
396 2140 506 2206 anche
521 2139 578 2205 del
591 2138 723 2205 fratello
741 2140 857 2205 Pietro
873 2137 1041 2219 Adriano,
1060 2138 1156 2205 accio
1173 2138 1253 2207 nell’
1267 2138 1380 2205 anima
1395 2149 1431 2207 et

194 2256 255 2322 nel
275 2266 368 2323 resto
383 2255 434 2321 sia
450 2254 642 2341 aggiutato.

264 2372 405 2456 Quanto
417 2370 483 2437 alla
495 2390 639 2455 persona
652 2390 713 2436 sua
725 2370 816 2437 stara
829 2370 865 2437 in
877 2372 1016 2455 Tornay
1028 2371 1068 2457 (s'
1084 2370 1171 2435 altro
1183 2390 1251 2437 non
1265 2390 1406 2455 paresse
1419 2378 1433 2409 ⁸²

195 2487 348 2573 meglio),
365 2497 400 2553 et
415 2506 481 2552 suo
501 2487 576 2552 loco
591 2497 627 2551 et
643 2496 796 2570 ternpore
817 2485 947 2553 hauerd
969 2506 1051 2551 cura
1073 2486 1106 2551 d'
1130 2507 1224 2553 esser
1248 2484 1355 2551 libero
1378 2484 1434 2550 del

196 2601 412 2679 canonicato,
429 2613 464 2668 et
481 2623 542 2686 per·
555 2602 611 2667 all'
629 2603 726 2680 hora,
751 2622 789 2668 se
809 2600 856 2686 gli
878 2600 922 2667 do
944 2622 1013 2667 una
1034 2611 1171 2686 patente
1192 2601 1236 2669 de
1257 2612 1355 2687 poter
1379 2600 1434 2667 far

198 2709 409 2803 professione
429 2717 582 2785 solenne.
605 2717 671 2783 Del
689 2728 802 2801 tempo
818 2727 853 2783 et
876 2716 978 2781 modo
994 2716 1038 2782 de
1053 2716 1234 2802 spogliarsi
1251 2716 1307 2784 del
1324 2736 1432 2781 cano-

197 2832 324 2913 nicato,
342 2832 372 2899 si
386 2832 493 2899 lascia
508 2832 615 2899 libero
631 2854 652 2898 a
667 2852 745 2898 esso
764 2835 802 2898 P.
822 2836 924 2899 Mtro.
944 2831 1127 2917 Quintino.
1143 2832 1218 2899 Con
1232 2842 1356 2917 questo
1368 2831 1431 2897 do·

199 2951 281 3017 uera
307 2946 521 3034 consigliarsi
548 2949 602 3013 col
633 2950 673 3014 P.
706 2948 806 3014 Mtro.
835 2947 988 3014 Adriano
1013 2948 1024 2980 ¹
1049 2947 1093 3015 de
1118 2947 1287 3027 Louanio,
1317 2958 1353 3013 et
1379 2946 1433 3013 col

200 3066 240 3131 P.
261 3067 364 3131 Mtr0.
384 3064 560 3132 Bernardo
581 3063 749 3143 Oliuerio,
773 3074 807 3129 et
827 3084 893 3129 con
915 3066 990 3130 loro
1011 3061 1038 3129 s'
1060 3061 1208 3129 accordi.
1239 3064 1304 3130 Nel
1322 3074 1436 3149 tempo

198 3184 264 3247 che
286 3180 378 3247 stari
402 3181 437 3245 in
461 3182 599 3265 Tornay
622 3201 643 3245 o
669 3179 802 3247 altroue
829 3178 1010 3248 ritenendo
1034 3178 1057 3244 il
1088 3179 1304 3259 canonicato,
1334 3179 1433 3264 potri

198 3296 401 3364 sustentarsi
416 3297 459 3363 de
474 3316 538 3363 sua
553 3295 691 3361 intrata:
711 3316 776 3360 con
794 3306 917 3380 questo
934 3284 1104 3380 guardard
1122 3296 1145 3359 l'
1163 3295 1323 3361 instituto
1345 3296 1435 3362 della

198 3410 413 3497 Compagnia
428 3424 556 3491 nostra,
572 3432 641 3475 non
654 3410 831 3497 pigliando
843 3431 924 3476 cosa
937 3432 999 3495 per
1012 3430 1134 3491 messe,
1149 3412 1192 3477 ne
1206 3409 1434 3490 confessioni,

200 3528 243 3594 ne
260 3527 483 3613 predicationi
499 3550 521 3593 o
535 3524 685 3606 lectioni,
703 3539 738 3593 et
754 3530 782 3592 s’
801 3526 970 3612 occupari
987 3525 1022 3591 in
1039 3527 1151 3610 quelle
1168 3547 1248 3595 cose
1264 3528 1329 3593 che
1352 3525 1431 3613 giu-

201 3644 317 3710 dicard
334 3644 391 3729 pin
407 3642 629 3711 conuenienti
647 3664 706 3728 per
722 3644 745 3708 l'
762 3642 981 3709 edificatione
997 3642 1077 3710 delli
1103 3642 1248 3728 proximi
1270 3654 1305 3709 et
1327 3642 1435 3709 serui-

202 3758 257 3825 zio
278 3758 407 3825 diuino.
433 3760 476 3825 Et
497 3758 594 3843 potu
616 3758 720 3826 etiam
742 3778 800 3843 per
821 3769 943 3841 queste
963 3776 1043 3825 cose
1066 3758 1246 3828 intendere
1271 3756 1295 3823 il
1318 3761 1445 3843 parere

203 3874 283 3942 delli
304 3874 361 3942 doi
384 3874 487 3941 Padri
508 3896 608 3959 sopra
635 3873 813 3952 nominati,
836 3873 910 3939 cioe
933 3875 1033 3939 Mtro.
1060 3873 1225 3954 Adrian0,
1251 3884 1361 3939 rector
1383 3873 1439 3939 del

203 3991 350 4077 collegio
365 3992 409 4059 de
426 3988 594 4072 Louani0,
612 4002 647 4057 et
664 3991 767 4055 Mtro.
788 3989 979 4055 Bernardo.

261 4231 275 4258 ο
311 4214 337 4268 si
350 4230 456 4285 pereze
470 4232 527 4272 ms.

212 4346 410 4357 *-

260 4421 268 4453 ¹
307 4420 350 4475 Ex
363 4419 465 4475 codice
479 4420 598 4490 Rogest.
612 4414 655 4480 II,
668 4414 724 4472 fol.
739 4416 800 4485 78r.
815 4416 898 4470 Haec
915 4414 1071 4470 instructio
1089 4432 1157 4471 curn
1175 4417 1377 4489 superioribus
1396 4417 1444 4473 lit·

206 4510 279 4566 teris
293 4509 462 4581 patentibus
475 4507 542 4563 data
552 4506 645 4562 fuisse
656 4505 783 4577 videtur3
794 4504 872 4560 unde
882 4512 999 4576 tempus
1010 4504 1075 4575 ejus
1085 4505 1253 4578 scriptionis
1264 4506 1442 4563 eruimus.—

210 4598 335 4667 Cortoe,
347 4616 377 4655 n.
392 4598 561 4656 CCCCXL.

207 4743 210 4747 ,
262 4692 273 4723 ²
311 4686 458 4743 Adrianus
471 4686 605 4757 Adriani,
619 4684 670 4758 qui
684 4682 906 4740 lovaniensibus
920 4683 1008 4739 sociis
1021 4692 1166 4755 praeerat.
