3567 5409
412 440 467 510 458
787 438 994 495 Mourmuurn
1019 434 1197 491 lunanum

442 592 543 661 Circa
559 592 582 657 ti
598 591 764 659 essercitii
780 590 950 677 spirituali
971 591 1069 657 basta
1087 610 1165 655 usar
1179 586 1284 672 quelli
1305 586 1394 653 delia
1412 586 1520 673 prima
1536 597 1600 653 set·

377 708 517 775 timana.

444 826 521 890 Non
538 823 701 891 hauendo
718 822 839 889 scritto
849 846 871 889 a
884 824 913 889 F
915 836 1030 891 errata
1041 823 1086 889 V.
1106 822 1162 897 R..
1177 818 1290 886 scriua
1306 818 1350 885 ad
1366 817 1450 905 ogni
1463 818 1564 883 modo
1576 820 1599 896 ’ς

376 961 396 1006 e
411 940 600 1023 douunque
615 938 644 1005 si
662 938 764 1019 troui,
778 938 926 1007 essendo
941 940 1104 1005 mandato
1122 958 1181 1022 per
1198 938 1220 1001 l'
1234 934 1442 1014 obedientia,
1461 934 1538 1002 sara
1549 954 1602 1001 as·

376 1051 425 1121 sai
442 1054 591 1120 discosto
607 1053 664 1119 dal
680 1074 796 1140 paese,
813 1054 962 1121 essendo
983 1054 1006 1117 l'
1024 1051 1138 1117 animo
1160 1048 1314 1135 disposto
1334 1071 1354 1115 a
1378 1070 1448 1116 non
1470 1048 1602 1115 ricono-

376 1190 475 1236 scere
491 1170 578 1235 altra
593 1167 702 1255 patria
718 1171 783 1236 che
799 1168 832 1235 la
846 1169 999 1235 celleste.

443 1285 544 1353 Noue
560 1285 605 1350 de
620 1282 714 1350 varie
730 1284 817 1370 parti
834 1285 865 1350 le
881 1296 1050 1370 potranno
1064 1283 1245 1351 intendere
1259 1280 1359 1349 usciti
1375 1280 1408 1347 d’
1424 1278 1601 1367 Augubn,

332 1396 353 1479 ’,
377 1401 505 1499 quale,⁸
516 1422 577 1489 per
600 1419 694 1468 esser
717 1410 815 1465 tanto
844 1400 941 1466 iuora
965 1399 999 1464 di
1021 1420 1140 1477 mano,
1163 1400 1183 1464 ὁ
1205 1418 1329 1465 manco
1349 1408 1420 1465 atta
1441 1419 1462 1465 a
1486 1408 1603 1481 questa

264 1500 268 1505 ⁸
377 1514 690 1583 communicatione
705 1516 749 1583 de
765 1516 898 1584 lettere.

442 1631 574 1700 Stiamo
591 1630 678 1697 bene
694 1631 784 1696 neila
799 1651 879 1698 casa
895 1642 929 1698 et
948 1629 1098 1717 collegii,
1113 1641 1148 1697 et
1164 1630 1245 1696 tutti
1261 1629 1292 1695 ci
1309 1628 1604 1695 raccomandiamo

377 1747 434 1815 all'
453 1731 600 1813 orationi
615 1744 651 1811 di
669 1747 714 1815 V.
733 1748 773 1813 R.
1183 1752 1186 1758 '

446 1864 499 1929 De
516 1863 623 1929 Roma
644 1879 682 1928 12
700 1862 743 1930 de
760 1866 876 1931 Marzo
899 1879 993 1946 1554.

444 1978 640 2062 Inscriptio.
662 1977 694 2043 Α
711 1977 890 2065 Augubio.

505 2281 645 2347 PATRI
671 2280 884 2347 N1COLAO
911 2156 1215 2347 BRRRASDILLAE
1239 2280 1301 2346 EX
1324 2279 1477 2347 COMM.

802 2406 890 2449 noua
909 2406 941 2447 12
955 2406 1064 2449 unnrn
1080 2406 1149 2463 1554
1171 2399 1190 2451 ¹.

375 2536 476 2608 Rogat
486 2521 518 2590 ut
528 2537 707 2592 Ariminum
716 2553 746 2591 se
755 2536 907 2609 conserat,
920 2538 997 2591 ciues
1009 2538 1187 2593 consolandi
1197 2536 1318 2609 gratia,
1330 2540 1359 2591 ei
1368 2536 1479 2599 locum,
1490 2534 1542 2589 ubi
1550 2533 1606 2589 cot·

415 2626 532 2697 legium
545 2626 771 2697 aedificandum
783 2625 835 2690 sit,
849 2625 1132 2698 inspecturus-De
1146 2626 1233 2681 libris
1244 2644 1265 2680 a
1281 2624 1441 2681 Bobnditia
1455 2624 1568 2680 missis.

447 2762 520 2826 Pax
537 2758 595 2827 X)

444 2874 725 2942 Resciuimosias
741 2876 785 2942 de
802 2895 820 2959 3
836 2877 894 2943 del
911 2886 1069 2962 presente
1085 2877 1129 2942 de
1146 2876 1190 2942 V.
1209 2876 1252 2943 R.
1272 2876 1301 2940 Y
1318 2884 1447 2959 quanto
1464 2878 1483 2940 ά
1498 2874 1532 2939 la
1546 2895 1604 2942 ue·

377 2988 458 3088 uida
474 2991 623 3076 despues
638 2990 682 3057 de
698 3011 842 3076 pascua,
859 3002 934 3059 esto
956 3012 992 3059 se
1014 2992 1139 3075 osircce
1159 2990 1203 3056 de
1226 3012 1352 3058 nueuo:
1377 3010 1445 3074 que
1465 2988 1509 3057 de
1525 2990 1606 3055 Ari-

378 3104 472 3174 mino
488 3107 596 3171 hazen
613 3104 777 3173 instantia
792 3128 855 3193 por
870 3127 926 3174 ser
946 3106 1130 3186 uisitados,
1148 3126 1170 3191 y
1187 3127 1309 3192 pareze
1332 3124 1401 3189 que
1422 3104 1455 3171 la
1469 3103 1606 3183 ciudad,

378 3242 445 3287 con
462 3221 493 3289 el
506 3221 610 3289 deseo
624 3242 693 3305 que
706 3212 853 3290 tiene‘de
865 3222 927 3287 dar
940 3222 1072 3289 asiento
1084 3225 1104 3287 a
1117 3222 1149 3287 la
1164 3222 1366 3307 Compania,
1381 3238 1520 3305 aunque
1532 3224 1610 3286 auia

377 3336 542 3403 senalado
564 3349 659 3402 otros
679 3336 819 3422 lugeres
840 3335 1000 3415 idoneOS,
1022 3357 1103 3403 aora
1124 3338 1169 3402 ha
1194 3336 1356 3405 senalado
1381 3356 1451 3403 uno
1471 3355 1554 3419 muy
1578 3334 1610 3401 al

378 3452 570 3538 proposito,
594 3472 695 3517 como
716 3452 833 3533 dizen,
853 3474 932 3539 para
955 3451 987 3518 la
1007 3452 1195 3519 habitation
1217 3452 1262 3518 de
1283 3454 1335 3519 los
1354 3450 1565 3537 collegiaieS,
1587 3472 1608 3535 y

378 3588 460 3653 para
477 3568 582 3635 hazer
597 3568 733 3642 scuelas
754 3590 776 3653 y
792 3590 862 3635 aun
877 3567 1021 3655 ygIesia.
1047 3570 1077 3635 Y
1100 3579 1197 3653 parte
1217 3588 1279 3653 por
1298 3566 1472 3635 uisitarlos
1487 3588 1509 3651 y
1526 3586 1608 3633 oon·

379 3682 522 3748 solarlos
537 3695 552 3721 ²
567 3704 611 3749 en
623 3683 656 3749 el
668 3682 778 3751 Senot
790 3696 946 3763 nuestro,
961 3694 1058 3768 parte
1070 3704 1132 3769 por
1144 3703 1208 3749 uer
1223 3683 1256 3747 la
1271 3681 1476 3769 disposition
1487 3683 1544 3748 del
1557 3683 1623 3748 lu-'

378 3818 455 3883 gar,
474 3798 631 3883 hoigaria
648 3799 692 3864 N.
708 3800 748 3865 P.
767 3820 835 3885 que
851 3800 896 3865 V.
913 3800 953 3865 R.
973 3819 1010 3865 se
1025 3799 1155 3885 llegase
1167 3800 1244 3879 alia,
1260 3819 1327 3884 que
1338 3798 1440 3866 dizen
1457 3820 1495 3865 se
1512 3776 1609 3883 passa

380 3933 443 3997 por
458 3934 549 3998 agua
564 3935 609 3980 en
626 3934 709 3997 muy
725 3934 812 3999 poco
828 3914 972 3999 tiempo‚
992 3934 1071 3983 creo
1094 3934 1213 3981 menos
1233 3914 1277 3981 de
1295 3934 1342 3980 un
1357 3912 1430 3993 dia,
1450 3936 1472 3998 y
1489 3935 1556 3998 que
1571 3934 1607 3981 se

380 4027 560 4095 detuuiese
577 4044 595 4113 5
613 4033 635 4093 ό
651 4029 672 4093 6
688 4028 780 4115 dias,
797 4052 821 4115 y
841 4031 990 4115 despues
1012 4027 1144 4097 uiniese
1165 4034 1185 4095 a
1206 4030 1331 4107 Roma,
1357 4050 1425 4113 que
1441 4034 1518 4097 sera
1538 4027 1607 4095 casi

432 4199 446 4227 ι
482 4186 663 4241 consuiarlos
675 4202 733 4240 ms.

432 4329 443 4360 ⁵
482 4326 661 4383 Litterarum
679 4330 888 4384 commercium
906 4346 973 4385 cum
988 4331 1050 4386 suis
1063 4331 1235 4403 propinquis
1249 4340 1368 4403 prorsus
1380 4331 1522 4385 omiserat
1537 4332 1607 4385 Fer-

377 4415 529 4487 ruriensis;
544 4418 597 4472 sed
610 4435 677 4473 cum
692 4419 734 4474 illi
746 4418 824 4491 apud
837 4428 984 4475 nostrates
1002 4430 1207 4494 quererentur,
1222 4423 1259 4475 ab
1277 4420 1393 4491 ignatio
1405 4420 1468 4476 suis
1481 4420 1608 4476 scribere

376 4506 480 4578 jussus
494 4515 550 4561 est.

925 4620 928 4630 v

436 4653 443 4683 ¹
483 4650 527 4703 Ex
537 4650 641 4705 codice
656 4647 774 4722 Regesi.
790 4653 831 4716 11,
845 4653 896 4710 iol.
911 4651 956 4723 69.
