3567 5409
777 458 984 515 Mouuussss
1009 456 1188 513 munusue

934 611 1043 694 4⁰42

581 746 719 814 pastu
740 744 930 834 JAcosso
955 742 1119 812 cauno
1145 744 1206 811 ex
1229 742 1382 811 couu.

776 881 863 925 sous
882 872 901 923 o
918 879 1065 935 Jsuusau
1085 880 1156 939 ¹554
1174 870 1196 923 ¹.

366 1017 507 1077 Breviter
522 1016 627 1073 Lainii
638 1017 750 1073 litteris
763 1015 1017 1087 responsa-D«
1028 1012 1218 1069 concionidsa
1230 1014 1268 1068 ab
1280 1014 1346 1085 ipso
1356 1008 1597 1072 habendis-Dc

420 1108 573 1163 Εἰοοηονα
590 1108 626 1163 de
644 1104 839 1162 Toleto-Dc
853 1104 1025 1177 gymnasiis
1047 1102 1172 1160 Genuae
1192 1108 1259 1159 tum
1277 1120 1298 1157 a
1315 1102 1470 1174 republica
1489 1106 1554 1157 tuns
1573 1118 1595 1155 a

417 1198 583 1253 Saniorum
593 1200 685 1270 gente
702 1196 847 1253 Societati
858 1194 976 1250 oblatis.
984 1226 1008 1238 -
1016 1194 1061 1249 Dc
1073 1192 1161 1249 sociis
1175 1193 1208 1247 in
1222 1190 1346 1248 Corsica
1358 1191 1596 1247 umidus.-

421 1287 552 1343 Litterae
565 1288 606 1341 ad
617 1286 803 1358 Hispaniam
813 1284 933 1340 missac.

435 1434 507 1501 Pax
524 1430 666 1512 Christi,
685 1442 753 1500 etc.

434 1550 515 1615 Esta
532 1548 628 1615 tarde
645 1550 764 1614 hemos
779 1546 940 1615 recebido
954 1548 1005 1613 las
1020 1547 1125 1616 letras
1140 1546 1185 1615 de
1201 1544 1245 1612 V.
1264 1547 1306 1613 R.
1324 1546 1369 1612 de
1383 1563 1428 1632 -29
1443 1544 1498 1612 del
1514 1565 1590 1630 pns-

366 1665 461 1745 sado,
483 1684 506 1749 y
528 1664 676 1743 todavla‚
699 1683 837 1748 uunque
857 1664 1093 1741 brenemente,
1122 1662 1329 1747 respondere
1352 1668 1372 1727 a
1394 1661 1447 1727 los
1468 1670 1596 1746 puntos

366 1778 582 1867 principales.
620 1812 623 1819 ·

432 1897 567 1963 Acerca
583 1895 639 1963 del
656 1893 811 1980 predicar
826 1894 871 1963 de
887 1896 931 1963 V.
951 1896 1008 1973 R.,
1027 1904 1168 1961 nuestro
1185 1894 1296 1960 Padre
1311 1916 1349 1961 es
1365 1904 1530 1961 contento
1549 1894 1595 1961 de

367 2010 566 2081 remitirsea
583 2013 615 2076 lo
632 2031 699 2095 que
715 2011 767 2076 los
783 2010 936 2077 medicos
947 2010 1130 2096 juzgaren,
1153 2034 1176 2097 y
1195 2016 1216 2077 a
1235 2012 1269 2077 lo
1288 2032 1357 2096 que
1378 2012 1423 2076 V.
1443 2012 1486 2079 R.
1503 2032 1548 2079 en
1563 2016 1593 2076 sl

361 2128 506 2223 juzgare
522 2147 590 2211 que
606 2125 776 2195 conuiene
792 2126 929 2213 alargar
943 2132 965 2194 ὁ
979 2137 1127 2213 acortar,
1143 2147 1208 2193 con
1225 2125 1406 2211 condicion
1427 2148 1496 2211 que
1515 2132 1537 2191 a
1559 2126 1593 2193 la

363 2264 502 2312 seinana
517 2242 683 2329 predique
699 2262 819 2309 menos
834 2244 879 2313 de
895 2253 966 2310 tres
981 2264 1169 2325 sermones;
1187 2266 1209 2329 y
1225 2244 1254 2310 si
1270 2248 1291 2310 a
1309 2264 1327 2327 3
1343 2244 1435 2329 llega
1450 2242 1495 2329 (lo
1511 2242 1592 2327 qual

363 2380 400 2427 se
417 2358 584 2446 permite),
604 2379 671 2444 que
685 2379 730 2424 no
747 2380 828 2444 pase
840 2358 948 2427 dellos
960 2358 985 2425 '.

430 2475 479 2541 La
495 2475 581 2543 letra
597 2474 641 2540 de
656 2475 725 2540 don
742 2472 930 2541 Francisco
949 2476 1109 2542 Pacheco
1125 2496 1251 2562 pareze
1267 2497 1334 2562 que
1347 2476 1460 2560 puede
1471 2495 1592 2561 passas

361 2611 424 2677 por
439 2588 704 2676 interpretacion
720 2591 764 2659 de
776 2592 809 2659 la
820 2591 988 2666 voluntad
999 2593 1048 2661 de
1063 2593 1095 2660 la
1111 2593 1267 2678 duquesa
1278 2594 1304 2673 ⁸,
1322 2592 1441 2659 siotra
1453 2612 1534 2658 cosa
1546 2610 1590 2656 en

362 2704 534 2773 contrario
550 2706 613 2775 ella
633 2728 677 2772 no
693 2705 909 2776 escriuiesse.

428 2823 493 2889 Del
507 2822 654 2909 collegio
669 2822 713 2891 de
729 2824 762 2889 la
777 2823 902 2890 ciudad
917 2844 940 2909 y
955 2824 998 2890 de
1014 2824 1048 2890 la
1062 2806 1147 2891 casa¹
1158 2826 1202 2894 de
1218 2824 1326 2905 Sauli,
1344 2846 1407 2912 por
1418 2846 1526 2910 agorn
1540 2834 1591 2890 to-

361 2938 423 3003 dos
440 2938 503 3004 dos
519 2959 564 3004 no
581 2940 711 3024 podran
727 2960 912 3026 proueerse
926 2941 970 3009 de
981 2941 1079 3026 jente
1094 2941 1147 3009 sin
1163 2943 1329 3010 deshazer
1350 2944 1478 3008 mucho
1499 2942 1533 3007 lo
1547 2940 1593 3008 de

361 3056 480 3121 Roma.
500 3055 541 3121 El
557 3057 801 3142 vno,·passado
816 3057 847 3123 el
864 3056 1033 3137 invierno,
1051 3079 1090 3127 se
1102 3059 1209 3144 podia
1224 3079 1371 3144 proueer
1382 3077 1448 3124 con
1461 3058 1495 3125 la
1507 3078 1591 3143 ayu-

361 3170 405 3235 da
421 3168 551 3237 diuina.
581 3172 669 3238 Pero
687 3173 731 3240 V.
752 3173 791 3239 R.
817 3175 862 3237 ha
878 3173 922 3240 de
939 3192 995 3239 ser
1009 3174 1119 3239 findor
1133 3173 1163 3240 si
1180 3174 1260 3261 algo
1281 3176 1332 3242 les
1354 3174 1473 3242 laltare
1493 3174 1538 3241 de
1559 3174 1594 3239 lo

360 3285 588 3353 necessarios
604 3288 656 3353 los
677 3306 716 3371 14
732 3294 753 3353 ό
776 3302 824 3371 15,
844 3309 928 3373 para
942 3290 1123 3375 proueerlo
1138 3290 1228 3357 delo
1240 3311 1308 3374 que
1320 3290 1461 3357 sobrare
1473 3290 1592 3357 alcol-

360 3400 452 3488 legio
466 3402 511 3471 de
526 3403 554 3469 F
556 3402 718 3470 lorencia.

428 3519 494 3585 Las
510 3519 667 3604 palabras
684 3540 750 3604 que
766 3520 878 3587 deuen
897 3543 1014 3588 usarse
1031 3542 1097 3589 con
1114 3544 1211 3590 essos
1225 3532 1366 3591 seriores
1379 3525 1404 3604 ⁴,
1422 3526 1465 3590 V.
1486 3526 1526 3591 R.
1542 3526 1595 3591 las

359 3634 459 3701 sabra
476 3634 596 3719 mejor.
615 3637 682 3703 Sea
694 3635 884 3723 Jesucristo
901 3658 944 3703 en
961 3640 1091 3723 ayudar
1107 3662 1130 3725 y
1145 3640 1333 3724 enderecar
1347 3662 1406 3709 esa
1422 3663 1444 3727 y
1466 3641 1516 3707 las
1530 3641 1592 3706 de-

358 3755 431 3815 mas
447 3749 671 3831 fundaciones
687 3772 787 3818 como
804 3758 876 3819 mas
893 3774 931 3820 se
947 3753 1040 3821 sirua
1055 3777 1078 3839 y
1094 3755 1288 3841 glorifique.
1307 3759 1434 3825 Amen.

427 3867 479 3931 De
492 3866 600 3932 Roma
617 3866 639 3931 6
654 3866 697 3933 de
715 3868 828 3935 Enero
846 3884 942 3951 1554.

375 4035 564 4043 ——a—

409 4113 416 4144 ¹
457 4116 499 4169 Ex
512 4114 617 4171 codice
635 4118 752 4191 Regest.
768 4118 811 4187 ll,
825 4118 876 4179 iol.
893 4132 958 4191 25v.

406 4205 418 4238 ¹
457 4206 502 4258 De
515 4204 611 4261 Lainii
623 4206 816 4265 concionibus
829 4210 906 4281 apud
919 4228 1089 4281 genuenses
1102 4230 1189 4287 supra
1201 4215 1341 4275 diximus:
1358 4216 1438 4289 quod
1452 4234 1522 4273 vero
1534 4218 1596 4273 hic·

353 4293 504 4363 statuitur,
519 4306 712 4367 proposuerat
726 4298 790 4369 ipse
805 4298 927 4355 Lainius
939 4300 1003 4355 suis
1015 4302 1052 4357 ad
1063 4303 1211 4373 Ignatium
1226 4306 1346 4371 litteris,
1360 4319 1396 4377 29
1406 4308 1592 4362 Decembris.

354 4381 430 4437 Vide
443 4383 565 4451 Tonas,
589 4386 664 4440 Vitia
674 4387 759 4445 del...
774 4388 875 4443 Padre
891 4389 990 4459 Diego
1004 4392 1131 4463 huynes,
1146 4394 1171 4462 1,
1184 4393 1249 4463 354.

419 4472 429 4499 '⁵
469 4472 614 4527 Eleonora
626 4474 664 4529 de
678 4476 794 4541 Toleto.
809 4476 928 4533 ducissa
942 4480 1120 4551 Florentiae,
1135 4500 1212 4556 quae
1224 4484 1262 4539 ad
1275 4493 1393 4557 tenipus
1406 4486 1541 4541 Luinium
1553 4503 1593 4557 ge

354 4561 517 4617 nuensibus
531 4573 731 4621 concesserat.
745 4566 868 4638 Totius,
883 4585 931 4639 op.
945 4568 1009 4639 cit,
1025 4568 1049 4641 l,
1064 4571 1128 4641 556,
1143 4572 1194 4627 ubi
1206 4572 1245 4629 de
1257 4574 1313 4629 hac
1325 4592 1359 4629 re
1371 4592 1469 4631 samo
1481 4584 1538 4631 est.

407 4658 417 4685 ⁴
455 4650 648 4721 Magistratus
663 4654 798 4725 intellige
812 4657 995 4728 reipublicae
1006 4662 1180 4731 genuensis.
