<?xml version="1.0" encoding="UTF-8"?>
<!DOCTYPE html PUBLIC "-//W3C//DTD XHTML 1.0 Transitional//EN"
    "http://www.w3.org/TR/xhtml1/DTD/xhtml1-transitional.dtd">
<html xmlns="http://www.w3.org/1999/xhtml" xml:lang="en" lang="en">
 <head>
  <title>
</title>
<meta http-equiv="Content-Type" content="text/html;charset=utf-8" />
  <meta name='ocr-system' content='tesseract 3.04.00' />
  <meta name='ocr-capabilities' content='ocr_page ocr_carea ocr_par ocr_line ocrx_word'/>
</head>
<body>
  <div class='ocr_page' id='page_1' title='image "./monumentaignati01ignagoog_0138.png"; bbox 0 0 3567 5409; ppageno 0'>
   <div class='ocr_carea' id='block_1_1' title="bbox 746 482 2308 542">
    <p class='ocr_par' dir='ltr' id='par_1_1' title="bbox 746 482 2308 542">
     <span class='ocr_line' id='line_1_1' title="bbox 746 482 2308 542; baseline 0.001 -3"><span class='ocrx_word' id='word_1_1' title='bbox 746 482 846 539; x_wconf 86' lang='lat'><strong>132</strong></span> <span class='ocrx_word' id='word_1_2' title='bbox 1491 485 1904 542; x_wconf 65' lang='lat' dir='ltr'><strong>Monuussnm</strong></span> <span class='ocrx_word' id='word_1_3' title='bbox 1954 486 2308 540; x_wconf 62' lang='lat' dir='ltr'><strong>lemnam</strong></span> 
     </span>
    </p>
   </div>
   <div class='ocr_carea' id='block_1_2' title="bbox 627 638 3121 3968">
    <p class='ocr_par' dir='ltr' id='par_1_2' title="bbox 649 638 3121 2235">
     <span class='ocr_line' id='line_1_2' title="bbox 659 638 3120 726; baseline 0 -22"><span class='ocrx_word' id='word_1_4' title='bbox 659 649 908 724; x_wconf 88' lang='lat' dir='ltr'><strong>questo</strong></span> <span class='ocrx_word' id='word_1_5' title='bbox 930 650 1169 706; x_wconf 90' lang='lat' dir='ltr'><strong>nostro</strong></span> <span class='ocrx_word' id='word_1_6' title='bbox 1202 638 1619 726; x_wconf 78' lang='lat' dir='ltr'>germanice,</span> <span class='ocrx_word' id='word_1_7' title='bbox 1657 640 2134 709; x_wconf 80' lang='lat' dir='ltr'><strong>meritamente</strong></span> <span class='ocrx_word' id='word_1_8' title='bbox 2167 639 2227 706; x_wconf 90' lang='lat' dir='ltr'><strong>si</strong></span> <span class='ocrx_word' id='word_1_9' title='bbox 2257 638 2483 726; x_wconf 84' lang='lat' dir='ltr'><strong>potria</strong></span> <span class='ocrx_word' id='word_1_10' title='bbox 2514 648 2855 725; x_wconf 87' lang='lat' dir='ltr'><strong>aspettare</strong></span> <span class='ocrx_word' id='word_1_11' title='bbox 2889 639 3120 705; x_wconf 89' lang='lat' dir='ltr'><strong>buona</strong></span> 
     </span>
     <span class='ocr_line' id='line_1_3' title="bbox 660 754 3118 843; baseline 0 -23"><span class='ocrx_word' id='word_1_12' title='bbox 660 754 980 835; x_wconf 88' lang='lat' dir='ltr'><strong>reuscita,</strong></span> <span class='ocrx_word' id='word_1_13' title='bbox 1017 776 1216 822; x_wconf 90' lang='lat' dir='ltr'><strong>como</strong></span> <span class='ocrx_word' id='word_1_14' title='bbox 1239 755 1309 822; x_wconf 89' lang='lat' dir='ltr'><strong>di</strong></span> <span class='ocrx_word' id='word_1_15' title='bbox 1336 766 1580 841; x_wconf 90' lang='lat' dir='ltr'><strong>questo</strong></span> <span class='ocrx_word' id='word_1_16' title='bbox 1605 755 1662 821; x_wconf 89' lang='lat' dir='ltr'><strong>si</strong></span> <span class='ocrx_word' id='word_1_17' title='bbox 1688 766 1924 843; x_wconf 88' lang='lat' dir='ltr'><strong>aspeta</strong></span> <span class='ocrx_word' id='word_1_18' title='bbox 1947 758 2322 837; x_wconf 88' lang='lat' dir='ltr'><strong>eccelente,</strong></span> <span class='ocrx_word' id='word_1_19' title='bbox 2353 754 2680 823; x_wconf 90' lang='lat' dir='ltr'><strong>tirandosi</strong></span> <span class='ocrx_word' id='word_1_20' title='bbox 2707 773 3118 824; x_wconf 83' lang='lat' dir='ltr'><strong>suauemen·</strong></span> 
     </span>
     <span class='ocr_line' id='line_1_4' title="bbox 658 870 3118 959; baseline -0 -22"><span class='ocrx_word' id='word_1_21' title='bbox 658 883 724 939; x_wconf 89' lang='lat' dir='ltr'><strong>te</strong></span> <span class='ocrx_word' id='word_1_22' title='bbox 755 870 802 938; x_wconf 91' lang='lat' dir='ltr'><strong>li</strong></span> <span class='ocrx_word' id='word_1_23' title='bbox 835 871 1044 939; x_wconf 89' lang='lat' dir='ltr'><strong>animi</strong></span> <span class='ocrx_word' id='word_1_24' title='bbox 1076 874 1222 939; x_wconf 89' lang='lat' dir='ltr'><strong>loro</strong></span> <span class='ocrx_word' id='word_1_25' title='bbox 1247 873 1376 939; x_wconf 87' lang='lat' dir='ltr'><strong>alla</strong></span> <span class='ocrx_word' id='word_1_26' title='bbox 1410 871 1618 959; x_wconf 81' lang='lat' dir='ltr'><strong>pieta,</strong></span> <span class='ocrx_word' id='word_1_27' title='bbox 1655 883 1727 938; x_wconf 87' lang='lat' dir='ltr'><strong>et</strong></span> <span class='ocrx_word' id='word_1_28' title='bbox 1750 873 2184 940; x_wconf 89' lang='lat' dir='ltr'><strong>acostandosi</strong></span> <span class='ocrx_word' id='word_1_29' title='bbox 2210 873 2274 939; x_wconf 89' lang='lat' dir='ltr'><strong>al</strong></span> <span class='ocrx_word' id='word_1_30' title='bbox 2299 882 2509 959; x_wconf 91' lang='lat' dir='ltr'><strong>gusto</strong></span> <span class='ocrx_word' id='word_1_31' title='bbox 2532 872 2712 938; x_wconf 91' lang='lat' dir='ltr'><strong>delle</strong></span> <span class='ocrx_word' id='word_1_32' title='bbox 2737 891 2899 939; x_wconf 89' lang='lat' dir='ltr'><strong>cose</strong></span> <span class='ocrx_word' id='word_1_33' title='bbox 2922 871 3118 958; x_wconf 88' lang='lat' dir='ltr'><strong>spiri-</strong></span> 
     </span>
     <span class='ocr_line' id='line_1_5' title="bbox 653 987 3119 1075; baseline -0 -22"><span class='ocrx_word' id='word_1_34' title='bbox 653 989 847 1070; x_wconf 83' lang='lat' dir='ltr'><strong>tuali3</strong></span> <span class='ocrx_word' id='word_1_35' title='bbox 885 990 1137 1075; x_wconf 77' lang='lat' dir='ltr'><strong>perche</strong></span> <span class='ocrx_word' id='word_1_36' title='bbox 1173 989 1331 1055; x_wconf 90' lang='lat' dir='ltr'><strong>tutti</strong></span> <span class='ocrx_word' id='word_1_37' title='bbox 1363 990 1533 1069; x_wconf 88' lang='lat' dir='ltr'><strong>loro,</strong></span> <span class='ocrx_word' id='word_1_38' title='bbox 1571 1010 1710 1056; x_wconf 89' lang='lat' dir='ltr'><strong>non</strong></span> <span class='ocrx_word' id='word_1_39' title='bbox 1743 990 2041 1058; x_wconf 87' lang='lat' dir='ltr'><strong>essendo</strong></span> <span class='ocrx_word' id='word_1_40' title='bbox 2073 988 2360 1075; x_wconf 86' lang='lat' dir='ltr'><strong>obligati</strong></span> <span class='ocrx_word' id='word_1_41' title='bbox 2395 1008 2472 1056; x_wconf 83' lang='lat' dir='ltr'><strong>se</strong></span> <span class='ocrx_word' id='word_1_42' title='bbox 2503 1009 2646 1054; x_wconf 92' lang='lat' dir='ltr'><strong>non</strong></span> <span class='ocrx_word' id='word_1_43' title='bbox 2684 1009 2819 1054; x_wconf 90' lang='lat' dir='ltr'><strong>una</strong></span> <span class='ocrx_word' id='word_1_44' title='bbox 2849 988 3040 1054; x_wconf 90' lang='lat' dir='ltr'><strong>uolta</strong></span> <span class='ocrx_word' id='word_1_45' title='bbox 3073 987 3119 1053; x_wconf 91' lang='lat' dir='ltr'><strong>il</strong></span> 
     </span>
     <span class='ocr_line' id='line_1_6' title="bbox 654 1102 3121 1190; baseline -0.001 -19"><span class='ocrx_word' id='word_1_46' title='bbox 654 1128 866 1186; x_wconf 86' lang='lat' dir='ltr'><strong>mese,</strong></span> <span class='ocrx_word' id='word_1_47' title='bbox 906 1104 1522 1175; x_wconf 89' lang='lat' dir='ltr'><strong>uolontariamente</strong></span> <span class='ocrx_word' id='word_1_48' title='bbox 1552 1106 1609 1173; x_wconf 89' lang='lat' dir='ltr'><strong>si</strong></span> <span class='ocrx_word' id='word_1_49' title='bbox 1643 1127 1815 1172; x_wconf 91' lang='lat' dir='ltr'><strong>sono</strong></span> <span class='ocrx_word' id='word_1_50' title='bbox 1846 1104 2057 1172; x_wconf 89' lang='lat' dir='ltr'><strong>riduti</strong></span> <span class='ocrx_word' id='word_1_51' title='bbox 2091 1127 2132 1172; x_wconf 90' lang='lat' dir='ltr'><strong>a</strong></span> <span class='ocrx_word' id='word_1_52' title='bbox 2164 1103 2581 1173; x_wconf 87' lang='lat' dir='ltr'><strong>confessarsi</strong></span> <span class='ocrx_word' id='word_1_53' title='bbox 2613 1104 2778 1190; x_wconf 90' lang='lat' dir='ltr'><strong>ogni</strong></span> <span class='ocrx_word' id='word_1_54' title='bbox 2819 1102 3121 1171; x_wconf 85' lang='lat' dir='ltr'><strong>settima-</strong></span> 
     </span>
     <span class='ocr_line' id='line_1_7' title="bbox 655 1218 3117 1301; baseline -0.001 -13"><span class='ocrx_word' id='word_1_55' title='bbox 655 1245 766 1300; x_wconf 91' lang='lat' dir='ltr'><strong>na,</strong></span> <span class='ocrx_word' id='word_1_56' title='bbox 804 1232 873 1288; x_wconf 89' lang='lat' dir='ltr'><strong>et</strong></span> <span class='ocrx_word' id='word_1_57' title='bbox 905 1222 1099 1287; x_wconf 90' lang='lat' dir='ltr'><strong>molti</strong></span> <span class='ocrx_word' id='word_1_58' title='bbox 1139 1222 1208 1288; x_wconf 93' lang='lat' dir='ltr'><strong>di</strong></span> <span class='ocrx_word' id='word_1_59' title='bbox 1252 1224 1400 1288; x_wconf 92' lang='lat' dir='ltr'><strong>loro</strong></span> <span class='ocrx_word' id='word_1_60' title='bbox 1441 1220 1645 1288; x_wconf 89' lang='lat' dir='ltr'><strong>etiam</strong></span> <span class='ocrx_word' id='word_1_61' title='bbox 1689 1220 2246 1301; x_wconf 86' lang='lat' dir='ltr'><strong>communicarsi,</strong></span> <span class='ocrx_word' id='word_1_62' title='bbox 2299 1231 2369 1289; x_wconf 91' lang='lat' dir='ltr'><strong>et</strong></span> <span class='ocrx_word' id='word_1_63' title='bbox 2415 1219 2575 1288; x_wconf 90' lang='lat' dir='ltr'><strong>nelli</strong></span> <span class='ocrx_word' id='word_1_64' title='bbox 2618 1218 2910 1287; x_wconf 90' lang='lat' dir='ltr'><strong>costumi</strong></span> <span class='ocrx_word' id='word_1_65' title='bbox 2960 1222 3117 1286; x_wconf 86' lang='lat' dir='ltr'><strong>fano</strong></span> 
     </span>
     <span class='ocr_line' id='line_1_8' title="bbox 654 1335 3114 1423; baseline -0.001 -20"><span class='ocrx_word' id='word_1_66' title='bbox 654 1360 793 1403; x_wconf 93' lang='lat' dir='ltr'><strong>non</strong></span> <span class='ocrx_word' id='word_1_67' title='bbox 819 1358 1062 1404; x_wconf 91' lang='lat' dir='ltr'><strong>manco</strong></span> <span class='ocrx_word' id='word_1_68' title='bbox 1088 1339 1303 1405; x_wconf 88' lang='lat' dir='ltr'><strong>frutto</strong></span> <span class='ocrx_word' id='word_1_69' title='bbox 1327 1339 1455 1404; x_wconf 89' lang='lat' dir='ltr'><strong>che</strong></span> <span class='ocrx_word' id='word_1_70' title='bbox 1479 1338 1658 1406; x_wconf 90' lang='lat' dir='ltr'><strong>nelle</strong></span> <span class='ocrx_word' id='word_1_71' title='bbox 1681 1337 1933 1417; x_wconf 84' lang='lat' dir='ltr'><strong>littere,</strong></span> <span class='ocrx_word' id='word_1_72' title='bbox 1972 1348 2042 1405; x_wconf 84' lang='lat' dir='ltr'><strong>et</strong></span> <span class='ocrx_word' id='word_1_73' title='bbox 2076 1347 2269 1403; x_wconf 89' lang='lat' dir='ltr'><strong>tanto</strong></span> <span class='ocrx_word' id='word_1_74' title='bbox 2292 1336 2337 1401; x_wconf 88' lang='lat' dir='ltr'><strong>li</strong></span> <span class='ocrx_word' id='word_1_75' title='bbox 2362 1336 2607 1403; x_wconf 87' lang='lat' dir='ltr'><strong>scolari</strong></span> <span class='ocrx_word' id='word_1_76' title='bbox 2629 1337 2718 1402; x_wconf 90' lang='lat' dir='ltr'><strong>de</strong></span> <span class='ocrx_word' id='word_1_77' title='bbox 2742 1335 3114 1423; x_wconf 82' lang='lat' dir='ltr'><strong>theologia,</strong></span> 
     </span>
     <span class='ocr_line' id='line_1_9' title="bbox 651 1432 3113 1537; baseline 0 -20"><span class='ocrx_word' id='word_1_78' title='bbox 651 1465 911 1537; x_wconf 87' lang='lat' dir='ltr'><strong>quanto</strong></span> <span class='ocrx_word' id='word_1_79' title='bbox 944 1454 1105 1521; x_wconf 90' lang='lat' dir='ltr'><strong>dell&#39;</strong></span> <span class='ocrx_word' id='word_1_80' title='bbox 1141 1454 1314 1521; x_wconf 90' lang='lat' dir='ltr'><strong>altre</strong></span> <span class='ocrx_word' id='word_1_81' title='bbox 1348 1452 1604 1519; x_wconf 80' lang='lat' dir='ltr'><strong>faculta</strong></span> <span class='ocrx_word' id='word_1_82' title='bbox 1635 1432 1941 1521; x_wconf 87' lang='lat' dir='ltr'><strong>inferiori</strong></span> <span class='ocrx_word' id='word_1_83' title='bbox 1966 1454 2148 1520; x_wconf 81' lang='lat' dir='ltr'><strong>dano</strong></span> <span class='ocrx_word' id='word_1_84' title='bbox 2174 1454 2385 1519; x_wconf 89' lang='lat' dir='ltr'><strong>molto</strong></span> <span class='ocrx_word' id='word_1_85' title='bbox 2408 1452 2640 1518; x_wconf 90' lang='lat' dir='ltr'><strong>buona</strong></span> <span class='ocrx_word' id='word_1_86' title='bbox 2662 1451 3113 1537; x_wconf 82' lang='lat' dir='ltr'><strong>espetatione,</strong></span> 
     </span>
     <span class='ocr_line' id='line_1_10' title="bbox 655 1565 3115 1654; baseline -0.001 -20"><span class='ocrx_word' id='word_1_87' title='bbox 655 1571 907 1654; x_wconf 77' lang='lat' dir='ltr'><strong>perche</strong></span> <span class='ocrx_word' id='word_1_88' title='bbox 938 1569 1004 1635; x_wconf 92' lang='lat' dir='ltr'><strong>la</strong></span> <span class='ocrx_word' id='word_1_89' title='bbox 1039 1567 1586 1654; x_wconf 86' lang='lat' dir='ltr'><strong>frequentatione</strong></span> <span class='ocrx_word' id='word_1_90' title='bbox 1617 1568 1687 1633; x_wconf 93' lang='lat' dir='ltr'><strong>di</strong></span> <span class='ocrx_word' id='word_1_91' title='bbox 1711 1568 1971 1636; x_wconf 86' lang='lat' dir='ltr'><strong>sentire</strong></span> <span class='ocrx_word' id='word_1_92' title='bbox 2004 1567 2050 1633; x_wconf 92' lang='lat' dir='ltr'><strong>il</strong></span> <span class='ocrx_word' id='word_1_93' title='bbox 2088 1570 2300 1636; x_wconf 90' lang='lat' dir='ltr'><strong>uerbo</strong></span> <span class='ocrx_word' id='word_1_94' title='bbox 2324 1565 2587 1648; x_wconf 88' lang='lat' dir='ltr'><strong>diuin0,</strong></span> <span class='ocrx_word' id='word_1_95' title='bbox 2616 1578 2685 1634; x_wconf 90' lang='lat' dir='ltr'><strong>et</strong></span> <span class='ocrx_word' id='word_1_96' title='bbox 2718 1568 2784 1635; x_wconf 93' lang='lat' dir='ltr'><strong>lo</strong></span> <span class='ocrx_word' id='word_1_97' title='bbox 2817 1579 3115 1635; x_wconf 89' lang='lat' dir='ltr'><strong>acostar-</strong></span> 
     </span>
     <span class='ocr_line' id='line_1_11' title="bbox 652 1682 3110 1769; baseline 0 -20"><span class='ocrx_word' id='word_1_98' title='bbox 652 1683 711 1749; x_wconf 90' lang='lat' dir='ltr'><strong>si</strong></span> <span class='ocrx_word' id='word_1_99' title='bbox 742 1684 856 1749; x_wconf 90' lang='lat' dir='ltr'><strong>alli</strong></span> <span class='ocrx_word' id='word_1_100' title='bbox 884 1682 1320 1763; x_wconf 83' lang='lat' dir='ltr'><strong>sacramenti,</strong></span> <span class='ocrx_word' id='word_1_101' title='bbox 1356 1693 1426 1749; x_wconf 81' lang='lat' dir='ltr'><strong>et</strong></span> <span class='ocrx_word' id='word_1_102' title='bbox 1458 1683 1505 1749; x_wconf 90' lang='lat' dir='ltr'><strong>il</strong></span> <span class='ocrx_word' id='word_1_103' title='bbox 1535 1684 1766 1750; x_wconf 88' lang='lat' dir='ltr'><strong>buono</strong></span> <span class='ocrx_word' id='word_1_104' title='bbox 1808 1683 2146 1769; x_wconf 87' lang='lat' dir='ltr'><strong>essempio</strong></span> <span class='ocrx_word' id='word_1_105' title='bbox 2174 1694 2245 1750; x_wconf 91' lang='lat' dir='ltr'><strong>et</strong></span> <span class='ocrx_word' id='word_1_106' title='bbox 2276 1682 2756 1751; x_wconf 87' lang='lat' dir='ltr'><strong>conuersation</strong></span> <span class='ocrx_word' id='word_1_107' title='bbox 2791 1682 2955 1749; x_wconf 90' lang='lat' dir='ltr'><strong>delli</strong></span> <span class='ocrx_word' id='word_1_108' title='bbox 2987 1704 3110 1749; x_wconf 91' lang='lat' dir='ltr'><strong>no·</strong></span> 
     </span>
     <span class='ocr_line' id='line_1_12' title="bbox 650 1797 3110 1884; baseline -0.001 -19"><span class='ocrx_word' id='word_1_109' title='bbox 650 1798 798 1878; x_wconf 87' lang='lat' dir='ltr'><strong>stri,</strong></span> <span class='ocrx_word' id='word_1_110' title='bbox 829 1800 1115 1866; x_wconf 89' lang='lat' dir='ltr'><strong>bastano</strong></span> <span class='ocrx_word' id='word_1_111' title='bbox 1146 1821 1265 1884; x_wconf 91' lang='lat' dir='ltr'><strong>per</strong></span> <span class='ocrx_word' id='word_1_112' title='bbox 1298 1797 1536 1866; x_wconf 91' lang='lat' dir='ltr'><strong>ridurli</strong></span> <span class='ocrx_word' id='word_1_113' title='bbox 1568 1800 1631 1866; x_wconf 93' lang='lat' dir='ltr'><strong>al</strong></span> <span class='ocrx_word' id='word_1_114' title='bbox 1663 1809 1843 1865; x_wconf 90' lang='lat' dir='ltr'><strong>stato</strong></span> <span class='ocrx_word' id='word_1_115' title='bbox 1874 1801 2005 1865; x_wconf 90' lang='lat' dir='ltr'><strong>che</strong></span> <span class='ocrx_word' id='word_1_116' title='bbox 2034 1801 2127 1865; x_wconf 90' lang='lat' dir='ltr'><strong>ho</strong></span> <span class='ocrx_word' id='word_1_117' title='bbox 2158 1798 2377 1878; x_wconf 86' lang='lat' dir='ltr'><strong>dett0,</strong></span> <span class='ocrx_word' id='word_1_118' title='bbox 2407 1798 2518 1865; x_wconf 90' lang='lat' dir='ltr'><strong>del</strong></span> <span class='ocrx_word' id='word_1_119' title='bbox 2542 1799 2701 1883; x_wconf 90' lang='lat' dir='ltr'><strong>qual</strong></span> <span class='ocrx_word' id='word_1_120' title='bbox 2725 1818 2935 1864; x_wconf 91' lang='lat' dir='ltr'><strong>erano</strong></span> <span class='ocrx_word' id='word_1_121' title='bbox 2962 1797 3110 1883; x_wconf 90' lang='lat' dir='ltr'><strong>pri-</strong></span> 
     </span>
     <span class='ocr_line' id='line_1_13' title="bbox 651 1912 3106 2002; baseline -0 -21"><span class='ocrx_word' id='word_1_122' title='bbox 651 1937 761 1981; x_wconf 90' lang='lat' dir='ltr'><strong>ma</strong></span> <span class='ocrx_word' id='word_1_123' title='bbox 795 1916 1003 1981; x_wconf 89' lang='lat' dir='ltr'><strong>molto</strong></span> <span class='ocrx_word' id='word_1_124' title='bbox 1034 1914 1333 1982; x_wconf 91' lang='lat' dir='ltr'><strong>discosti.</strong></span> <span class='ocrx_word' id='word_1_125' title='bbox 1380 1916 1491 1983; x_wconf 89' lang='lat' dir='ltr'><strong>Ma</strong></span> <span class='ocrx_word' id='word_1_126' title='bbox 1532 1915 1578 1979; x_wconf 92' lang='lat' dir='ltr'><strong>il</strong></span> <span class='ocrx_word' id='word_1_127' title='bbox 1610 1915 1903 2002; x_wconf 88' lang='lat' dir='ltr'><strong>collegio</strong></span> <span class='ocrx_word' id='word_1_128' title='bbox 1934 1913 2093 1982; x_wconf 90' lang='lat' dir='ltr'><strong>delli</strong></span> <span class='ocrx_word' id='word_1_129' title='bbox 2124 1912 2528 2001; x_wconf 89' lang='lat' dir='ltr'><strong>prouinciali</strong></span> <span class='ocrx_word' id='word_1_130' title='bbox 2560 1914 2647 1981; x_wconf 90' lang='lat' dir='ltr'><strong>de</strong></span> <span class='ocrx_word' id='word_1_131' title='bbox 2682 1912 2967 1980; x_wconf 89' lang='lat' dir='ltr'><strong>Austria</strong></span> <span class='ocrx_word' id='word_1_132' title='bbox 2998 1913 3106 1980; x_wconf 90' lang='lat' dir='ltr'><strong>in·</strong></span> 
     </span>
     <span class='ocr_line' id='line_1_14' title="bbox 651 2027 3106 2117; baseline -0.001 -20"><span class='ocrx_word' id='word_1_133' title='bbox 651 2027 999 2099; x_wconf 88' lang='lat' dir='ltr'><strong>tendiamo</strong></span> <span class='ocrx_word' id='word_1_134' title='bbox 1039 2033 1168 2100; x_wconf 89' lang='lat' dir='ltr'><strong>che</strong></span> <span class='ocrx_word' id='word_1_135' title='bbox 1210 2032 1501 2117; x_wconf 88' lang='lat' dir='ltr'><strong>procede</strong></span> <span class='ocrx_word' id='word_1_136' title='bbox 1543 2032 1753 2097; x_wconf 85' lang='lat' dir='ltr'><strong>molto</strong></span> <span class='ocrx_word' id='word_1_137' title='bbox 1798 2029 1869 2096; x_wconf 90' lang='lat' dir='ltr'><strong>di</strong></span> <span class='ocrx_word' id='word_1_138' title='bbox 1909 2033 2082 2098; x_wconf 89' lang='lat' dir='ltr'><strong>altra</strong></span> <span class='ocrx_word' id='word_1_139' title='bbox 2120 2041 2328 2097; x_wconf 87' lang='lat' dir='ltr'><strong>sorte.</strong></span> <span class='ocrx_word' id='word_1_140' title='bbox 2376 2029 2510 2098; x_wconf 91' lang='lat' dir='ltr'><strong>Dio</strong></span> <span class='ocrx_word' id='word_1_141' title='bbox 2552 2031 2639 2097; x_wconf 91' lang='lat' dir='ltr'><strong>N.</strong></span> <span class='ocrx_word' id='word_1_142' title='bbox 2680 2029 2755 2098; x_wconf 91' lang='lat' dir='ltr'><strong>S.</strong></span> <span class='ocrx_word' id='word_1_143' title='bbox 2795 2030 3106 2114; x_wconf 90' lang='lat' dir='ltr'><strong>proueda</strong></span> 
     </span>
     <span class='ocr_line' id='line_1_15' title="bbox 649 2144 2717 2235; baseline -0.001 -22"><span class='ocrx_word' id='word_1_144' title='bbox 649 2146 760 2213; x_wconf 91' lang='lat' dir='ltr'><strong>alli</strong></span> <span class='ocrx_word' id='word_1_145' title='bbox 795 2145 1065 2235; x_wconf 91' lang='lat' dir='ltr'><strong>bisogni</strong></span> <span class='ocrx_word' id='word_1_146' title='bbox 1098 2145 1433 2233; x_wconf 85' lang='lat' dir='ltr'><strong>spirituali</strong></span> <span class='ocrx_word' id='word_1_147' title='bbox 1465 2147 1643 2215; x_wconf 90' lang='lat' dir='ltr'><strong>delle</strong></span> <span class='ocrx_word' id='word_1_148' title='bbox 1673 2168 1801 2215; x_wconf 92' lang='lat' dir='ltr'><strong>sue</strong></span> <span class='ocrx_word' id='word_1_149' title='bbox 1825 2146 2163 2233; x_wconf 89' lang='lat' dir='ltr'><strong>pecorelle</strong></span> <span class='ocrx_word' id='word_1_150' title='bbox 2195 2145 2266 2211; x_wconf 92' lang='lat' dir='ltr'><strong>in</strong></span> <span class='ocrx_word' id='word_1_151' title='bbox 2299 2144 2467 2231; x_wconf 86' lang='lat' dir='ltr'><strong>ogni</strong></span> <span class='ocrx_word' id='word_1_152' title='bbox 2499 2155 2717 2231; x_wconf 88' lang='lat' dir='ltr'><strong>parte.</strong></span> 
     </span>
    </p>

    <p class='ocr_par' dir='ltr' id='par_1_3' title="bbox 636 2258 3101 3157">
     <span class='ocr_line' id='line_1_16' title="bbox 780 2258 3101 2347; baseline -0.001 -17"><span class='ocrx_word' id='word_1_153' title='bbox 780 2262 911 2330; x_wconf 86' lang='lat' dir='ltr'><strong>Del</strong></span> <span class='ocrx_word' id='word_1_154' title='bbox 944 2262 1357 2330; x_wconf 90' lang='lat' dir='ltr'><strong>monasterio</strong></span> <span class='ocrx_word' id='word_1_155' title='bbox 1388 2261 1550 2330; x_wconf 91' lang='lat' dir='ltr'><strong>delli</strong></span> <span class='ocrx_word' id='word_1_156' title='bbox 1579 2261 2024 2345; x_wconf 84' lang='lat' dir='ltr'><strong>carmelitani,</strong></span> <span class='ocrx_word' id='word_1_157' title='bbox 2059 2258 2609 2347; x_wconf 87' lang='lat' dir='ltr'><strong>consegnandosi</strong></span> <span class='ocrx_word' id='word_1_158' title='bbox 2654 2259 3101 2329; x_wconf 88' lang='lat' dir='ltr'><strong>liberamente</strong></span> 
     </span>
     <span class='ocr_line' id='line_1_17' title="bbox 645 2374 3097 2466; baseline -0.001 -21"><span class='ocrx_word' id='word_1_159' title='bbox 645 2379 777 2445; x_wconf 90' lang='lat' dir='ltr'><strong>alla</strong></span> <span class='ocrx_word' id='word_1_160' title='bbox 809 2378 1235 2466; x_wconf 85' lang='lat' dir='ltr'><strong>Compagnia</strong></span> <span class='ocrx_word' id='word_1_161' title='bbox 1270 2399 1478 2445; x_wconf 90' lang='lat' dir='ltr'><strong>sanza</strong></span> <span class='ocrx_word' id='word_1_162' title='bbox 1509 2376 1975 2465; x_wconf 87' lang='lat' dir='ltr'><strong>repugnantia</strong></span> <span class='ocrx_word' id='word_1_163' title='bbox 2004 2376 2164 2444; x_wconf 88' lang='lat' dir='ltr'><strong>delli</strong></span> <span class='ocrx_word' id='word_1_164' title='bbox 2200 2376 2380 2457; x_wconf 84' lang='lat' dir='ltr'><strong>frati,</strong></span> <span class='ocrx_word' id='word_1_165' title='bbox 2415 2374 2621 2458; x_wconf 90' lang='lat' dir='ltr'><strong>seria,</strong></span> <span class='ocrx_word' id='word_1_166' title='bbox 2665 2396 2867 2442; x_wconf 85' lang='lat' dir='ltr'><strong>corno</strong></span> <span class='ocrx_word' id='word_1_167' title='bbox 2911 2396 3097 2462; x_wconf 88' lang='lat' dir='ltr'><strong>pare,</strong></span> 
     </span>
     <span class='ocr_line' id='line_1_18' title="bbox 644 2490 3101 2580; baseline -0.001 -21"><span class='ocrx_word' id='word_1_168' title='bbox 644 2496 857 2560; x_wconf 92' lang='lat' dir='ltr'><strong>molto</strong></span> <span class='ocrx_word' id='word_1_169' title='bbox 898 2493 1381 2574; x_wconf 89' lang='lat' dir='ltr'><strong>conueniente;</strong></span> <span class='ocrx_word' id='word_1_170' title='bbox 1429 2515 1561 2580; x_wconf 90' lang='lat' dir='ltr'><strong>pur</strong></span> <span class='ocrx_word' id='word_1_171' title='bbox 1602 2493 1759 2560; x_wconf 85' lang='lat' dir='ltr'><strong>nell’</strong></span> <span class='ocrx_word' id='word_1_172' title='bbox 1812 2491 2049 2560; x_wconf 90' lang='lat' dir='ltr'><strong>ultime</strong></span> <span class='ocrx_word' id='word_1_173' title='bbox 2089 2491 2159 2559; x_wconf 91' lang='lat' dir='ltr'><strong>di</strong></span> <span class='ocrx_word' id='word_1_174' title='bbox 2200 2493 2584 2559; x_wconf 86' lang='lat' dir='ltr'><strong>Decembre</strong></span> <span class='ocrx_word' id='word_1_175' title='bbox 2623 2512 2761 2558; x_wconf 91' lang='lat' dir='ltr'><strong>non</strong></span> <span class='ocrx_word' id='word_1_176' title='bbox 2805 2494 2994 2577; x_wconf 92' lang='lat' dir='ltr'><strong>parla</strong></span> <span class='ocrx_word' id='word_1_177' title='bbox 3033 2490 3101 2558; x_wconf 92' lang='lat' dir='ltr'><strong>di</strong></span> 
     </span>
     <span class='ocr_line' id='line_1_19' title="bbox 643 2606 3100 2695; baseline -0 -20"><span class='ocrx_word' id='word_1_178' title='bbox 643 2619 886 2695; x_wconf 88' lang='lat' dir='ltr'><strong>questo</strong></span> <span class='ocrx_word' id='word_1_179' title='bbox 919 2611 1007 2677; x_wconf 92' lang='lat' dir='ltr'><strong>V.</strong></span> <span class='ocrx_word' id='word_1_180' title='bbox 1046 2610 1128 2675; x_wconf 89' lang='lat' dir='ltr'><strong>R.</strong></span> <span class='ocrx_word' id='word_1_181' title='bbox 1169 2612 1216 2676; x_wconf 78' lang='lat'><strong>⁵.</strong></span> <span class='ocrx_word' id='word_1_182' title='bbox 1256 2609 1472 2676; x_wconf 90' lang='lat' dir='ltr'><strong>Como</strong></span> <span class='ocrx_word' id='word_1_183' title='bbox 1504 2608 1559 2674; x_wconf 91' lang='lat' dir='ltr'><strong>si</strong></span> <span class='ocrx_word' id='word_1_184' title='bbox 1597 2607 1854 2694; x_wconf 87' lang='lat' dir='ltr'><strong>uoglia,</strong></span> <span class='ocrx_word' id='word_1_185' title='bbox 1890 2608 2181 2675; x_wconf 90' lang='lat' dir='ltr'><strong>sarebbe</strong></span> <span class='ocrx_word' id='word_1_186' title='bbox 2212 2607 2300 2675; x_wconf 87' lang='lat' dir='ltr'><strong>da</strong></span> <span class='ocrx_word' id='word_1_187' title='bbox 2341 2627 2708 2694; x_wconf 88' lang='lat' dir='ltr'><strong>procurare</strong></span> <span class='ocrx_word' id='word_1_188' title='bbox 2754 2608 2820 2673; x_wconf 94' lang='lat' dir='ltr'><strong>la</strong></span> <span class='ocrx_word' id='word_1_189' title='bbox 2864 2606 3100 2674; x_wconf 88' lang='lat' dir='ltr'><strong>fonda-</strong></span> 
     </span>
     <span class='ocr_line' id='line_1_20' title="bbox 643 2698 3098 2811; baseline -0 -20"><span class='ocrx_word' id='word_1_190' title='bbox 643 2725 829 2793; x_wconf 88' lang='lat' dir='ltr'><strong>tione</strong></span> <span class='ocrx_word' id='word_1_191' title='bbox 862 2735 1215 2811; x_wconf 88' lang='lat' dir='ltr'><strong>perpetua,</strong></span> <span class='ocrx_word' id='word_1_192' title='bbox 1253 2734 1322 2793; x_wconf 92' lang='lat' dir='ltr'><strong>et</strong></span> <span class='ocrx_word' id='word_1_193' title='bbox 1352 2735 1614 2809; x_wconf 91' lang='lat' dir='ltr'><strong>quanto</strong></span> <span class='ocrx_word' id='word_1_194' title='bbox 1647 2724 1704 2790; x_wconf 90' lang='lat' dir='ltr'><strong>si</strong></span> <span class='ocrx_word' id='word_1_195' title='bbox 1736 2723 1996 2810; x_wconf 88' lang='lat' dir='ltr'><strong>potessi</strong></span> <span class='ocrx_word' id='word_1_196' title='bbox 2020 2724 2269 2810; x_wconf 88' lang='lat' dir='ltr'><strong>ampla,</strong></span> <span class='ocrx_word' id='word_1_197' title='bbox 2299 2698 2551 2810; x_wconf 79' lang='lat' dir='ltr'><strong>perche</strong></span> <span class='ocrx_word' id='word_1_198' title='bbox 2577 2724 2954 2792; x_wconf 90' lang='lat' dir='ltr'><strong>realmente</strong></span> <span class='ocrx_word' id='word_1_199' title='bbox 2977 2723 3098 2790; x_wconf 90' lang='lat' dir='ltr'><strong>do·</strong></span> 
     </span>
     <span class='ocr_line' id='line_1_21' title="bbox 638 2838 3094 2927; baseline -0.001 -21"><span class='ocrx_word' id='word_1_200' title='bbox 638 2840 826 2908; x_wconf 89' lang='lat' dir='ltr'><strong>ueria</strong></span> <span class='ocrx_word' id='word_1_201' title='bbox 861 2839 1221 2909; x_wconf 88' lang='lat' dir='ltr'><strong>tratenersi</strong></span> <span class='ocrx_word' id='word_1_202' title='bbox 1255 2840 1429 2907; x_wconf 79' lang='lat' dir='ltr'><strong>costi</strong></span> <span class='ocrx_word' id='word_1_203' title='bbox 1464 2839 1835 2925; x_wconf 89' lang='lat' dir='ltr'><strong>cinquanta</strong></span> <span class='ocrx_word' id='word_1_204' title='bbox 1868 2861 1910 2905; x_wconf 94' lang='lat' dir='ltr'><strong>o</strong></span> <span class='ocrx_word' id='word_1_205' title='bbox 1951 2840 2039 2906; x_wconf 86' lang='lat'><strong>60</strong></span> <span class='ocrx_word' id='word_1_206' title='bbox 2083 2860 2378 2925; x_wconf 84' lang='lat' dir='ltr'><strong>persone</strong></span> <span class='ocrx_word' id='word_1_207' title='bbox 2421 2840 2600 2907; x_wconf 86' lang='lat' dir='ltr'><strong>della</strong></span> <span class='ocrx_word' id='word_1_208' title='bbox 2639 2838 3094 2927; x_wconf 87' lang='lat' dir='ltr'><strong>Compagnia‚</strong></span> 
     </span>
     <span class='ocr_line' id='line_1_22' title="bbox 636 2953 3099 3041; baseline -0.001 -17"><span class='ocrx_word' id='word_1_209' title='bbox 636 2954 824 3024; x_wconf 79' lang='lat' dir='ltr'><strong>accio</strong></span> <span class='ocrx_word' id='word_1_210' title='bbox 855 2956 914 3023; x_wconf 90' lang='lat' dir='ltr'><strong>si</strong></span> <span class='ocrx_word' id='word_1_211' title='bbox 949 2955 1231 3025; x_wconf 89' lang='lat' dir='ltr'><strong>faccessi</strong></span> <span class='ocrx_word' id='word_1_212' title='bbox 1263 2954 1493 3022; x_wconf 90' lang='lat' dir='ltr'><strong>studio</strong></span> <span class='ocrx_word' id='word_1_213' title='bbox 1525 2954 1798 3041; x_wconf 88' lang='lat' dir='ltr'><strong>integro</strong></span> <span class='ocrx_word' id='word_1_214' title='bbox 1838 2966 1908 3022; x_wconf 88' lang='lat' dir='ltr'><strong>et</strong></span> <span class='ocrx_word' id='word_1_215' title='bbox 1950 2954 2161 3022; x_wconf 88' lang='lat' dir='ltr'><strong>molto</strong></span> <span class='ocrx_word' id='word_1_216' title='bbox 2204 2953 2323 3041; x_wconf 79' lang='lat' dir='ltr'><strong>piu</strong></span> <span class='ocrx_word' id='word_1_217' title='bbox 2364 2976 2439 3023; x_wconf 89' lang='lat' dir='ltr'><strong>se</strong></span> <span class='ocrx_word' id='word_1_218' title='bbox 2482 2954 2540 3021; x_wconf 89' lang='lat' dir='ltr'><strong>si</strong></span> <span class='ocrx_word' id='word_1_219' title='bbox 2590 2954 2871 3041; x_wconf 89' lang='lat' dir='ltr'><strong>potessi,</strong></span> <span class='ocrx_word' id='word_1_220' title='bbox 2916 2967 2988 3024; x_wconf 93' lang='lat' dir='ltr'><strong>et</strong></span> <span class='ocrx_word' id='word_1_221' title='bbox 3034 2956 3099 3023; x_wconf 90' lang='lat' dir='ltr'><strong>la</strong></span> 
     </span>
     <span class='ocr_line' id='line_1_23' title="bbox 637 3069 2141 3157; baseline 0 -17"><span class='ocrx_word' id='word_1_222' title='bbox 637 3093 798 3140; x_wconf 91' lang='lat' dir='ltr'><strong>cosa</strong></span> <span class='ocrx_word' id='word_1_223' title='bbox 833 3094 974 3139; x_wconf 91' lang='lat' dir='ltr'><strong>non</strong></span> <span class='ocrx_word' id='word_1_224' title='bbox 1006 3071 1289 3140; x_wconf 91' lang='lat' dir='ltr'><strong>doueria</strong></span> <span class='ocrx_word' id='word_1_225' title='bbox 1320 3072 1537 3138; x_wconf 88' lang='lat' dir='ltr'><strong>andar</strong></span> <span class='ocrx_word' id='word_1_226' title='bbox 1571 3082 1767 3157; x_wconf 89' lang='lat' dir='ltr'><strong>tropo</strong></span> <span class='ocrx_word' id='word_1_227' title='bbox 1798 3069 1870 3136; x_wconf 87' lang='lat' dir='ltr'><strong>in</strong></span> <span class='ocrx_word' id='word_1_228' title='bbox 1904 3071 2141 3157; x_wconf 89' lang='lat' dir='ltr'><strong>long0.</strong></span> 
     </span>
    </p>

    <p class='ocr_par' dir='ltr' id='par_1_4' title="bbox 627 3186 3092 3968">
     <span class='ocr_line' id='line_1_24' title="bbox 771 3186 3089 3275; baseline 0.001 -20"><span class='ocrx_word' id='word_1_229' title='bbox 771 3186 945 3256; x_wconf 92' lang='lat' dir='ltr'><strong>Dell&#39;</strong></span> <span class='ocrx_word' id='word_1_230' title='bbox 974 3190 1299 3255; x_wconf 87' lang='lat' dir='ltr'><strong>accettar’</strong></span> <span class='ocrx_word' id='word_1_231' title='bbox 1337 3186 1619 3275; x_wconf 90' lang='lat' dir='ltr'><strong>giouani</strong></span> <span class='ocrx_word' id='word_1_232' title='bbox 1655 3208 1775 3274; x_wconf 89' lang='lat' dir='ltr'><strong>per</strong></span> <span class='ocrx_word' id='word_1_233' title='bbox 1808 3187 1873 3253; x_wconf 93' lang='lat' dir='ltr'><strong>la</strong></span> <span class='ocrx_word' id='word_1_234' title='bbox 1910 3187 2341 3274; x_wconf 85' lang='lat' dir='ltr'><strong>Compagnia</strong></span> <span class='ocrx_word' id='word_1_235' title='bbox 2373 3187 2489 3274; x_wconf 76' lang='lat' dir='ltr'><strong>gia</strong></span> <span class='ocrx_word' id='word_1_236' title='bbox 2533 3190 2624 3255; x_wconf 88' lang='lat' dir='ltr'><strong>ho</strong></span> <span class='ocrx_word' id='word_1_237' title='bbox 2663 3188 2904 3256; x_wconf 88' lang='lat' dir='ltr'><strong>scritto</strong></span> <span class='ocrx_word' id='word_1_238' title='bbox 2935 3190 3089 3267; x_wconf 90' lang='lat' dir='ltr'><strong>che,</strong></span> 
     </span>
     <span class='ocr_line' id='line_1_25' title="bbox 632 3301 3092 3389; baseline -0.001 -17"><span class='ocrx_word' id='word_1_239' title='bbox 632 3305 936 3372; x_wconf 88' lang='lat' dir='ltr'><strong>secondo</strong></span> <span class='ocrx_word' id='word_1_240' title='bbox 970 3304 1034 3370; x_wconf 92' lang='lat' dir='ltr'><strong>la</strong></span> <span class='ocrx_word' id='word_1_241' title='bbox 1065 3302 1512 3389; x_wconf 74' lang='lat' dir='ltr'><strong>dispositione</strong></span> <span class='ocrx_word' id='word_1_242' title='bbox 1547 3313 1890 3389; x_wconf 89' lang='lat' dir='ltr'><strong>presente,</strong></span> <span class='ocrx_word' id='word_1_243' title='bbox 1928 3324 2067 3369; x_wconf 93' lang='lat' dir='ltr'><strong>non</strong></span> <span class='ocrx_word' id='word_1_244' title='bbox 2100 3301 2392 3388; x_wconf 80' lang='lat' dir='ltr'><strong>bisogna</strong></span> <span class='ocrx_word' id='word_1_245' title='bbox 2426 3303 2708 3370; x_wconf 89' lang='lat' dir='ltr'><strong>mandar</strong></span> <span class='ocrx_word' id='word_1_246' title='bbox 2731 3324 2770 3370; x_wconf 91' lang='lat' dir='ltr'><strong>a</strong></span> <span class='ocrx_word' id='word_1_247' title='bbox 2799 3305 3013 3371; x_wconf 86' lang='lat' dir='ltr'><strong>Roma</strong></span> <span class='ocrx_word' id='word_1_248' title='bbox 3034 3304 3092 3370; x_wconf 89' lang='lat' dir='ltr'><strong>si</strong></span> 
     </span>
     <span class='ocr_line' id='line_1_26' title="bbox 632 3417 3088 3505; baseline 0.001 -21"><span class='ocrx_word' id='word_1_249' title='bbox 632 3441 771 3485; x_wconf 93' lang='lat' dir='ltr'><strong>non</strong></span> <span class='ocrx_word' id='word_1_250' title='bbox 811 3440 1103 3505; x_wconf 89' lang='lat' dir='ltr'><strong>persone</strong></span> <span class='ocrx_word' id='word_1_251' title='bbox 1144 3429 1487 3504; x_wconf 90' lang='lat' dir='ltr'><strong>prouette,</strong></span> <span class='ocrx_word' id='word_1_252' title='bbox 1537 3419 1809 3486; x_wconf 89' lang='lat' dir='ltr'><strong>almeno</strong></span> <span class='ocrx_word' id='word_1_253' title='bbox 1846 3418 1979 3485; x_wconf 88' lang='lat' dir='ltr'><strong>che</strong></span> <span class='ocrx_word' id='word_1_254' title='bbox 2020 3439 2311 3504; x_wconf 90' lang='lat' dir='ltr'><strong>possano</strong></span> <span class='ocrx_word' id='word_1_255' title='bbox 2352 3417 2606 3487; x_wconf 90' lang='lat' dir='ltr'><strong>sentire</strong></span> <span class='ocrx_word' id='word_1_256' title='bbox 2647 3420 2826 3485; x_wconf 93' lang='lat' dir='ltr'><strong>nella</strong></span> <span class='ocrx_word' id='word_1_257' title='bbox 2871 3421 3088 3487; x_wconf 89' lang='lat' dir='ltr'><strong>classe</strong></span> 
     </span>
     <span class='ocr_line' id='line_1_27' title="bbox 630 3532 3088 3620; baseline 0.001 -19"><span class='ocrx_word' id='word_1_258' title='bbox 630 3556 950 3620; x_wconf 89' lang='lat' dir='ltr'><strong>suprema</strong></span> <span class='ocrx_word' id='word_1_259' title='bbox 989 3536 1055 3599; x_wconf 86' lang='lat' dir='ltr'><strong>d’</strong></span> <span class='ocrx_word' id='word_1_260' title='bbox 1098 3533 1485 3614; x_wconf 74' lang='lat' dir='ltr'><strong>humanita,</strong></span> <span class='ocrx_word' id='word_1_261' title='bbox 1530 3555 1572 3600; x_wconf 93' lang='lat' dir='ltr'><strong>o</strong></span> <span class='ocrx_word' id='word_1_262' title='bbox 1614 3554 1783 3600; x_wconf 89' lang='lat' dir='ltr'><strong>uero</strong></span> <span class='ocrx_word' id='word_1_263' title='bbox 1832 3533 2136 3601; x_wconf 89' lang='lat' dir='ltr'><strong>studiare</strong></span> <span class='ocrx_word' id='word_1_264' title='bbox 2178 3534 2243 3601; x_wconf 89' lang='lat' dir='ltr'><strong>le</strong></span> <span class='ocrx_word' id='word_1_265' title='bbox 2289 3532 2542 3599; x_wconf 79' lang='lat' dir='ltr'><strong>faculta</strong></span> <span class='ocrx_word' id='word_1_266' title='bbox 2582 3534 2944 3620; x_wconf 89' lang='lat' dir='ltr'><strong>superiori.</strong></span> <span class='ocrx_word' id='word_1_267' title='bbox 2996 3535 3088 3604; x_wconf 84' lang='lat' dir='ltr'><strong>Se</strong></span> 
     </span>
     <span class='ocr_line' id='line_1_28' title="bbox 628 3648 3090 3738; baseline -0 -20"><span class='ocrx_word' id='word_1_268' title='bbox 628 3652 717 3718; x_wconf 90' lang='lat' dir='ltr'><strong>V.</strong></span> <span class='ocrx_word' id='word_1_269' title='bbox 760 3652 839 3717; x_wconf 86' lang='lat' dir='ltr'><strong>R.</strong></span> <span class='ocrx_word' id='word_1_270' title='bbox 879 3650 1079 3717; x_wconf 70' lang='lat' dir='ltr'><strong>uorra</strong></span> <span class='ocrx_word' id='word_1_271' title='bbox 1114 3648 1436 3718; x_wconf 88' lang='lat' dir='ltr'><strong>accettar&#39;</strong></span> <span class='ocrx_word' id='word_1_272' title='bbox 1470 3648 1646 3731; x_wconf 85' lang='lat' dir='ltr'><strong>altri,</strong></span> <span class='ocrx_word' id='word_1_273' title='bbox 1685 3648 1901 3715; x_wconf 87' lang='lat' dir='ltr'><strong>faccia</strong></span> <span class='ocrx_word' id='word_1_274' title='bbox 1930 3659 2138 3716; x_wconf 89' lang='lat' dir='ltr'><strong>conto</strong></span> <span class='ocrx_word' id='word_1_275' title='bbox 2168 3649 2256 3715; x_wconf 92' lang='lat' dir='ltr'><strong>de</strong></span> <span class='ocrx_word' id='word_1_276' title='bbox 2289 3648 2631 3732; x_wconf 84' lang='lat' dir='ltr'><strong>ritenerle3</strong></span> <span class='ocrx_word' id='word_1_277' title='bbox 2670 3671 2746 3717; x_wconf 89' lang='lat' dir='ltr'><strong>se</strong></span> <span class='ocrx_word' id='word_1_278' title='bbox 2770 3673 2899 3736; x_wconf 90' lang='lat' dir='ltr'><strong>pur</strong></span> <span class='ocrx_word' id='word_1_279' title='bbox 2928 3651 3090 3738; x_wconf 90' lang='lat' dir='ltr'><strong>giu-</strong></span> 
     </span>
     <span class='ocr_line' id='line_1_29' title="bbox 627 3764 3088 3850; baseline 0 -18"><span class='ocrx_word' id='word_1_280' title='bbox 627 3766 893 3834; x_wconf 89' lang='lat' dir='ltr'><strong>dicasse</strong></span> <span class='ocrx_word' id='word_1_281' title='bbox 925 3764 1199 3850; x_wconf 90' lang='lat' dir='ltr'><strong>qualch&#39;</strong></span> <span class='ocrx_word' id='word_1_282' title='bbox 1230 3788 1370 3831; x_wconf 92' lang='lat' dir='ltr'><strong>uno</strong></span> <span class='ocrx_word' id='word_1_283' title='bbox 1412 3764 1685 3832; x_wconf 89' lang='lat' dir='ltr'><strong>douersi</strong></span> <span class='ocrx_word' id='word_1_284' title='bbox 1730 3775 2096 3844; x_wconf 88' lang='lat' dir='ltr'><strong>accettare,</strong></span> <span class='ocrx_word' id='word_1_285' title='bbox 2144 3787 2187 3830; x_wconf 94' lang='lat' dir='ltr'><strong>o</strong></span> <span class='ocrx_word' id='word_1_286' title='bbox 2236 3776 2575 3833; x_wconf 87' lang='lat' dir='ltr'><strong>accettato</strong></span> <span class='ocrx_word' id='word_1_287' title='bbox 2621 3768 2968 3834; x_wconf 90' lang='lat' dir='ltr'><strong>mandarsi</strong></span> <span class='ocrx_word' id='word_1_288' title='bbox 3019 3767 3088 3833; x_wconf 93' lang='lat' dir='ltr'><strong>in</strong></span> 
     </span>
     <span class='ocr_line' id='line_1_30' title="bbox 628 3879 3083 3968; baseline 0.001 -21"><span class='ocrx_word' id='word_1_289' title='bbox 628 3903 786 3966; x_wconf 88' lang='lat' dir='ltr'><strong>qua,</strong></span> <span class='ocrx_word' id='word_1_290' title='bbox 825 3884 1019 3966; x_wconf 77' lang='lat' dir='ltr'><strong>potr-a</strong></span> <span class='ocrx_word' id='word_1_291' title='bbox 1054 3879 1279 3948; x_wconf 91' lang='lat' dir='ltr'><strong>auisar</strong></span> <span class='ocrx_word' id='word_1_292' title='bbox 1312 3880 1550 3966; x_wconf 87' lang='lat' dir='ltr'><strong>prima,</strong></span> <span class='ocrx_word' id='word_1_293' title='bbox 1581 3891 1650 3948; x_wconf 89' lang='lat' dir='ltr'><strong>et</strong></span> <span class='ocrx_word' id='word_1_294' title='bbox 1676 3880 1976 3948; x_wconf 89' lang='lat' dir='ltr'><strong>secondo</strong></span> <span class='ocrx_word' id='word_1_295' title='bbox 2001 3881 2067 3946; x_wconf 91' lang='lat' dir='ltr'><strong>la</strong></span> <span class='ocrx_word' id='word_1_296' title='bbox 2094 3894 2404 3967; x_wconf 88' lang='lat' dir='ltr'><strong>resposta</strong></span> <span class='ocrx_word' id='word_1_297' title='bbox 2428 3883 2559 3947; x_wconf 87' lang='lat' dir='ltr'><strong>che</strong></span> <span class='ocrx_word' id='word_1_298' title='bbox 2584 3881 2682 3968; x_wconf 88' lang='lat' dir='ltr'><strong>gli</strong></span> <span class='ocrx_word' id='word_1_299' title='bbox 2708 3883 2859 3949; x_wconf 71' lang='lat' dir='ltr'><strong>sara</strong></span> <span class='ocrx_word' id='word_1_300' title='bbox 2888 3885 3083 3964; x_wconf 69' lang='lat' dir='ltr'><strong>latta,</strong></span> 
     </span>
    </p>
   </div>
   <div class='ocr_carea' id='block_1_3' title="bbox 626 3995 3085 4200">
    <p class='ocr_par' dir='ltr' id='par_1_5' title="bbox 626 3995 3085 4200">
     <span class='ocr_line' id='line_1_31' title="bbox 626 3995 2962 4082; baseline 0.001 -22"><span class='ocrx_word' id='word_1_301' title='bbox 626 4000 823 4082; x_wconf 76' lang='lat' dir='ltr'><strong>potra</strong></span> <span class='ocrx_word' id='word_1_302' title='bbox 858 3995 1190 4063; x_wconf 89' lang='lat' dir='ltr'><strong>mandarli</strong></span> <span class='ocrx_word' id='word_1_303' title='bbox 1217 4018 1259 4063; x_wconf 93' lang='lat' dir='ltr'><strong>o</strong></span> <span class='ocrx_word' id='word_1_304' title='bbox 1284 4018 1447 4063; x_wconf 90' lang='lat' dir='ltr'><strong>non.</strong></span> <span class='ocrx_word' id='word_1_305' title='bbox 2957 4063 2962 4081; x_wconf 69' lang='grc'><em>,</em></span> 
     </span>
     <span class='ocr_line' id='line_1_32' title="bbox 759 4111 3085 4200; baseline 0.001 -21"><span class='ocrx_word' id='word_1_306' title='bbox 759 4112 961 4180; x_wconf 91' lang='lat' dir='ltr'><strong>Circa</strong></span> <span class='ocrx_word' id='word_1_307' title='bbox 994 4112 1039 4178; x_wconf 91' lang='lat' dir='ltr'><strong>il</strong></span> <span class='ocrx_word' id='word_1_308' title='bbox 1066 4112 1364 4200; x_wconf 90' lang='lat' dir='ltr'><strong>negocio</strong></span> <span class='ocrx_word' id='word_1_309' title='bbox 1394 4113 1480 4178; x_wconf 90' lang='lat' dir='ltr'><strong>de</strong></span> <span class='ocrx_word' id='word_1_310' title='bbox 1512 4112 1804 4179; x_wconf 89' lang='lat' dir='ltr'><strong>Crembs</strong></span> <span class='ocrx_word' id='word_1_311' title='bbox 1836 4114 1860 4147; x_wconf 80' lang='lat'><strong>⁶</strong></span> <span class='ocrx_word' id='word_1_312' title='bbox 1895 4123 1964 4179; x_wconf 84' lang='lat' dir='ltr'><strong>et</strong></span> <span class='ocrx_word' id='word_1_313' title='bbox 2006 4114 2117 4179; x_wconf 92' lang='lat' dir='ltr'><strong>del</strong></span> <span class='ocrx_word' id='word_1_314' title='bbox 2159 4111 2423 4200; x_wconf 80' lang='lat' dir='ltr'><strong>fratello</strong></span> <span class='ocrx_word' id='word_1_315' title='bbox 2455 4115 2543 4181; x_wconf 92' lang='lat' dir='ltr'><strong>de</strong></span> <span class='ocrx_word' id='word_1_316' title='bbox 2576 4116 2781 4181; x_wconf 86' lang='lat' dir='ltr'><strong>Mtro.</strong></span> <span class='ocrx_word' id='word_1_317' title='bbox 2837 4117 3085 4200; x_wconf 89' lang='lat' dir='ltr'><strong>Agno-</strong></span> 
     </span>
    </p>
   </div>
   <div class='ocr_carea' id='block_1_4' title="bbox 630 4226 1048 4235">
    <p class='ocr_par' dir='ltr' id='par_1_6' title="bbox 630 4226 1048 4235">
     <span class='ocr_line' id='line_1_33' title="bbox 630 4226 1048 4235; baseline 0 -2"><span class='ocrx_word' id='word_1_318' title='bbox 630 4226 757 4234; x_wconf 53' lang='grc' dir='ltr'><strong>-ο</strong></span> <span class='ocrx_word' id='word_1_319' title='bbox 777 4228 1048 4235; x_wconf 73' lang='lat'>--—--—</span> 
     </span>
    </p>
   </div>
   <div class='ocr_carea' id='block_1_5' title="bbox 617 4272 3086 4702">
    <p class='ocr_par' dir='ltr' id='par_1_7' title="bbox 729 4272 2680 4345">
     <span class='ocr_line' id='line_1_34' title="bbox 729 4272 2680 4345; baseline 0.003 -18"><span class='ocrx_word' id='word_1_320' title='bbox 729 4278 749 4309; x_wconf 79' lang='lat'>⁸</span> <span class='ocrx_word' id='word_1_321' title='bbox 825 4272 1100 4328; x_wconf 86' lang='lat' dir='ltr'><strong>Pluribus</strong></span> <span class='ocrx_word' id='word_1_322' title='bbox 1124 4273 1199 4327; x_wconf 91' lang='lat' dir='ltr'><strong>de</strong></span> <span class='ocrx_word' id='word_1_323' title='bbox 1225 4274 1334 4329; x_wconf 87' lang='lat' dir='ltr'><strong>hac</strong></span> <span class='ocrx_word' id='word_1_324' title='bbox 1358 4290 1421 4327; x_wconf 90' lang='lat' dir='ltr'><strong>re</strong></span> <span class='ocrx_word' id='word_1_325' title='bbox 1448 4273 1572 4344; x_wconf 87' lang='lat' dir='ltr'><strong>agit</strong></span> <span class='ocrx_word' id='word_1_326' title='bbox 1598 4274 1963 4345; x_wconf 73' lang='lat' dir='ltr'><strong>POLANCUS,</strong></span> <span class='ocrx_word' id='word_1_327' title='bbox 1999 4272 2245 4342; x_wconf 69' lang='lat' dir='ltr'><strong>Chron„</strong></span> <span class='ocrx_word' id='word_1_328' title='bbox 2277 4274 2379 4344; x_wconf 88' lang='lat' dir='ltr'><strong>IV,</strong></span> <span class='ocrx_word' id='word_1_329' title='bbox 2419 4273 2680 4343; x_wconf 79' lang='lat'><strong>232·234.</strong></span> 
     </span>
    </p>

    <p class='ocr_par' dir='ltr' id='par_1_8' title="bbox 617 4361 3086 4702">
     <span class='ocr_line' id='line_1_35' title="bbox 723 4361 3085 4434; baseline 0.001 -16"><span class='ocrx_word' id='word_1_330' title='bbox 723 4362 748 4394; x_wconf 82' lang='lat'>⁶</span> <span class='ocrx_word' id='word_1_331' title='bbox 822 4363 1078 4418; x_wconf 85' lang='lat' dir='ltr'><strong>«Actum</strong></span> <span class='ocrx_word' id='word_1_332' title='bbox 1103 4371 1196 4417; x_wconf 82' lang='lat' dir='ltr'><strong>est</strong></span> <span class='ocrx_word' id='word_1_333' title='bbox 1221 4379 1354 4417; x_wconf 90' lang='lat' dir='ltr'><strong>cum</strong></span> <span class='ocrx_word' id='word_1_334' title='bbox 1383 4361 1749 4418; x_wconf 89' lang='lat' dir='ltr'><strong>Cancellario</strong></span> <span class='ocrx_word' id='word_1_335' title='bbox 1776 4364 1928 4434; x_wconf 83' lang='lat' dir='ltr'><strong>Jona</strong></span> <span class='ocrx_word' id='word_1_336' title='bbox 1957 4370 2020 4416; x_wconf 91' lang='lat' dir='ltr'><strong>ut</strong></span> <span class='ocrx_word' id='word_1_337' title='bbox 2048 4362 2105 4418; x_wconf 91' lang='lat' dir='ltr'><strong>in</strong></span> <span class='ocrx_word' id='word_1_338' title='bbox 2133 4362 2348 4434; x_wconf 89' lang='lat' dir='ltr'><strong>oppido</strong></span> <span class='ocrx_word' id='word_1_339' title='bbox 2367 4362 2442 4418; x_wconf 90' lang='lat' dir='ltr'><strong>de</strong></span> <span class='ocrx_word' id='word_1_340' title='bbox 2469 4363 2677 4419; x_wconf 88' lang='lat' dir='ltr'><strong>Crems</strong></span> <span class='ocrx_word' id='word_1_341' title='bbox 2699 4366 2865 4421; x_wconf 82' lang='lat' dir='ltr'><strong>locus</strong></span> <span class='ocrx_word' id='word_1_342' title='bbox 2886 4364 3085 4421; x_wconf 83' lang='lat' dir='ltr'><strong>Socie-</strong></span> 
     </span>
     <span class='ocr_line' id='line_1_36' title="bbox 619 4450 3086 4525; baseline 0.002 -20"><span class='ocrx_word' id='word_1_343' title='bbox 619 4450 727 4506; x_wconf 88' lang='lat' dir='ltr'><strong>tati</strong></span> <span class='ocrx_word' id='word_1_344' title='bbox 752 4453 1177 4522; x_wconf 79' lang='lat' dir='ltr'><strong>assignaretur,</strong></span> <span class='ocrx_word' id='word_1_345' title='bbox 1206 4451 1305 4505; x_wconf 89' lang='lat' dir='ltr'><strong>ubi</strong></span> <span class='ocrx_word' id='word_1_346' title='bbox 1331 4468 1465 4506; x_wconf 89' lang='lat' dir='ltr'><strong>cum</strong></span> <span class='ocrx_word' id='word_1_347' title='bbox 1494 4468 1610 4506; x_wconf 92' lang='lat' dir='ltr'><strong>uno</strong></span> <span class='ocrx_word' id='word_1_348' title='bbox 1636 4452 1945 4506; x_wconf 86' lang='lat' dir='ltr'><strong>sacerdote</strong></span> <span class='ocrx_word' id='word_1_349' title='bbox 1971 4459 2190 4520; x_wconf 87' lang='lat' dir='ltr'><strong>nostro,</strong></span> <span class='ocrx_word' id='word_1_350' title='bbox 2219 4451 2320 4523; x_wconf 89' lang='lat' dir='ltr'><strong>qui</strong></span> <span class='ocrx_word' id='word_1_351' title='bbox 2349 4454 2629 4523; x_wconf 90' lang='lat' dir='ltr'><strong>populum</strong></span> <span class='ocrx_word' id='word_1_352' title='bbox 2656 4453 2899 4509; x_wconf 83' lang='lat' dir='ltr'><strong>doceret</strong></span> <span class='ocrx_word' id='word_1_353' title='bbox 2918 4461 2981 4509; x_wconf 89' lang='lat' dir='ltr'><strong>et</strong></span> <span class='ocrx_word' id='word_1_354' title='bbox 2992 4452 3086 4525; x_wconf 87' lang='lat' dir='ltr'><strong>ju-</strong></span> 
     </span>
     <span class='ocr_line' id='line_1_37' title="bbox 619 4539 3084 4613; baseline 0.002 -18"><span class='ocrx_word' id='word_1_355' title='bbox 619 4549 949 4611; x_wconf 85' lang='lat' dir='ltr'><strong>ventutem‚</strong></span> <span class='ocrx_word' id='word_1_356' title='bbox 988 4539 1169 4613; x_wconf 90' lang='lat' dir='ltr'><strong>aliqui</strong></span> <span class='ocrx_word' id='word_1_357' title='bbox 1208 4541 1387 4595; x_wconf 87' lang='lat' dir='ltr'><strong>etiam</strong></span> <span class='ocrx_word' id='word_1_358' title='bbox 1425 4539 1635 4595; x_wconf 81' lang='lat' dir='ltr'><strong>fratres</strong></span> <span class='ocrx_word' id='word_1_359' title='bbox 1670 4541 1936 4596; x_wconf 86' lang='lat' dir='ltr'><strong>habitare</strong></span> <span class='ocrx_word' id='word_1_360' title='bbox 1977 4549 2242 4613; x_wconf 67' lang='lat' dir='ltr'><strong>possentt,</strong></span> <span class='ocrx_word' id='word_1_361' title='bbox 2280 4549 2341 4595; x_wconf 91' lang='lat' dir='ltr'><strong>et</strong></span> <span class='ocrx_word' id='word_1_362' title='bbox 2375 4559 2471 4596; x_wconf 86' lang='lat' dir='ltr'><strong>res</strong></span> <span class='ocrx_word' id='word_1_363' title='bbox 2507 4541 2662 4613; x_wconf 87' lang='lat' dir='ltr'><strong>Regi</strong></span> <span class='ocrx_word' id='word_1_364' title='bbox 2688 4543 3084 4599; x_wconf 86' lang='lat' dir='ltr'><strong>Romanorum</strong></span> 
     </span>
     <span class='ocr_line' id='line_1_38' title="bbox 617 4629 3083 4702; baseline 0.001 -17"><span class='ocrx_word' id='word_1_365' title='bbox 617 4630 856 4702; x_wconf 90' lang='lat' dir='ltr'><strong>placuit,</strong></span> <span class='ocrx_word' id='word_1_366' title='bbox 889 4639 949 4685; x_wconf 91' lang='lat' dir='ltr'><strong>et</strong></span> <span class='ocrx_word' id='word_1_367' title='bbox 973 4630 1269 4685; x_wconf 88' lang='lat' dir='ltr'><strong>commisit</strong></span> <span class='ocrx_word' id='word_1_368' title='bbox 1295 4631 1587 4702; x_wconf 84' lang='lat' dir='ltr'><strong>Episcopo</strong></span> <span class='ocrx_word' id='word_1_369' title='bbox 1625 4630 1950 4686; x_wconf 89' lang='lat' dir='ltr'><strong>Labacensi</strong></span> <span class='ocrx_word' id='word_1_370' title='bbox 1986 4639 2051 4684; x_wconf 88' lang='lat' dir='ltr'><strong>ut</strong></span> <span class='ocrx_word' id='word_1_371' title='bbox 2086 4629 2161 4684; x_wconf 90' lang='lat' dir='ltr'><strong>de</strong></span> <span class='ocrx_word' id='word_1_372' title='bbox 2200 4631 2331 4684; x_wconf 90' lang='lat' dir='ltr'><strong>loco</strong></span> <span class='ocrx_word' id='word_1_373' title='bbox 2368 4629 2581 4687; x_wconf 90' lang='lat' dir='ltr'><strong>idoneo</strong></span> <span class='ocrx_word' id='word_1_374' title='bbox 2609 4631 3083 4688; x_wconf 83' lang='lat' dir='ltr'><strong>informationem</strong></span> 
     </span>
    </p>
   </div>
   <div class='ocr_carea' id='block_1_6' title="bbox 613 4719 1875 4792">
    <p class='ocr_par' dir='ltr' id='par_1_9' title="bbox 613 4719 1875 4792">
     <span class='ocr_line' id='line_1_39' title="bbox 613 4719 1875 4792; baseline -0.001 -16"><span class='ocrx_word' id='word_1_375' title='bbox 613 4729 911 4792; x_wconf 81' lang='lat' dir='ltr'><strong>caperet.»</strong></span> <span class='ocrx_word' id='word_1_376' title='bbox 940 4720 1309 4791; x_wconf 70' lang='lat' dir='ltr'><strong>POLANCUS,</strong></span> <span class='ocrx_word' id='word_1_377' title='bbox 1342 4719 1591 4786; x_wconf 71' lang='lat' dir='ltr'><strong>Chron„</strong></span> <span class='ocrx_word' id='word_1_378' title='bbox 1616 4720 1720 4791; x_wconf 89' lang='lat' dir='ltr'><strong>lV,</strong></span> <span class='ocrx_word' id='word_1_379' title='bbox 1751 4720 1875 4776; x_wconf 85' lang='lat'><strong>268.</strong></span> 
     </span>
    </p>
   </div>
  </div>
 </body>
</html>
