3567 5409
517 466 628 521 Eetst.
652 461 809 533 4451.-13
829 462 910 529 Man
930 474 998 530 1554
1287 473 1339 529 701

121 638 192 700 ne,
212 617 236 684 il
254 618 355 705 quale
371 616 485 684 arriud
500 617 598 685 saluo
614 638 674 703 per
690 614 802 702 gratia
817 616 872 682 del
889 614 1018 701 Signor
1035 614 1180 682 insieme
1195 614 1249 680 col
1262 614 1378 679 fratel-

124 735 166 800 lo
186 736 297 802 Mtro.
312 732 453 801 Giouan
467 733 563 799 Cola.

206 852 252 917 Et
267 858 397 934 quanto
412 870 431 915 a
448 848 562 933 quello
579 848 645 915 che
662 847 818 916 desidero
835 848 879 914 V.
904 848 961 929 R.,
986 846 1019 913 (Υ
1043 866 1157 915 essere
1177 845 1321 913 chiarito
1343 846 1378 911 di

126 966 223 1051 quel
239 963 368 1031 dubbio
385 962 420 1029 di
441 962 553 1047 quella
573 961 767 1031 obedientia
791 964 855 1030 che
878 983 916 1029 se
939 960 988 1047 gli
1009 961 1134 1028 mando
1155 982 1256 1047 sopra
1277 960 1300 1027 il
1317 982 1379 1047 go·

128 1102 252 1149 uerno
267 1078 360 1165 degli
377 1076 513 1159 fratelli,
532 1088 567 1145 et
582 1079 626 1145 de
641 1098 709 1145 non
726 1098 764 1145 se
779 1079 861 1145 dare
876 1100 897 1143 a
913 1076 1067 1163 mangiar
1084 1076 1175 1143 achi
1196 1098 1267 1143 non
1289 1077 1380 1144 fosse

132 1217 226 1263 uero
242 1194 436 1275 obediente,
456 1206 537 1275 etc,
557 1195 588 1261 la
604 1192 803 1260 risolutione
816 1194 847 1259 d'
861 1192 945 1280 ogni
959 1214 1039 1260 cosa
1051 1196 1199 1279 portata,
1214 1192 1380 1280 piacendo

130 1313 173 1378 al
190 1311 331 1397 Signor,
346 1310 370 1377 il
387 1313 427 1376 Ρ.
447 1313 551 1377 Mtro.
571 1311 781 1391 Salmerone3
801 1319 836 1378 et
852 1308 987 1377 interim
1004 1311 1048 1376 V.
1069 1312 1110 1377 R.
1128 1311 1279 1395 proceda
1294 1310 1378 1377 libe*

133 1437 298 1494 ramente
313 1439 348 1493 et
364 1426 514 1493 secondo
531 1426 656 1511 meglio
672 1424 695 1490 li
712 1426 809 1510 parrd
823 1446 888 1492 con
901 1426 997 1494 detta
1009 1425 1208 1495 obedienta.
1224 1426 1250 1491 ll
1263 1426 1378 1493 mede·

134 1543 231 1609 simo
248 1542 277 1609 si
299 1540 374 1608 dice
391 1563 410 1608 a
427 1542 470 1609 V.
492 1544 532 1609 R.
552 1553 681 1627 quanto
696 1542 749 1607 all’
764 1542 849 1608 altre
865 1543 994 1628 regole.

213 1658 354 1725 Portarai
371 1679 495 1723 ancora
516 1658 611 1725 detto
634 1658 744 1723 Padre
767 1658 799 1724 la
821 1655 1061 1724 commissione
1081 1659 1125 1724 de
1147 1658 1209 1723 dar
1234 1657 1255 1722 il
1280 1679 1380 1723 nome

135 1776 210 1841 alla
222 1772 428 1859 compagnia
443 1774 531 1840 delle
547 1774 661 1839 donne
677 1774 742 1841 che
759 1774 985 1858 frequentano
1001 1773 1033 1840 la
1049 1771 1267 1839 comunione.

212 1893 266 1957 De
282 1892 384 1957 Mtro
409 1889 609 1955 Hieronimo
632 1889 749 1957 Siculo
774 1890 806 1955 io
830 1911 899 1955 non
921 1889 1024 1969 dimo,
1048 1891 1264 1956 hauendome
1285 1889 1382 1955 detto

146 2008 188 2075 S.
208 2008 249 2073 R.
269 2008 333 2072 che
349 2004 568 2073 scriuerebbe
584 2026 685 2091 sopra
700 2004 766 2073 cib.
888 1998 890 2003 ’

212 2120 403 2206 Capitando
419 2118 505 2186 costi
524 2142 570 2187 un
587 2120 933 2207 giouenespagn010‚
952 2119 1122 2187 chiamato
1140 2124 1242 2188 Mtro.
1267 2120 1382 2205 Luygi

142 2237 179 2303 d'
202 2236 370 2321 Vngaria,
396 2236 539 2320 ilquale
561 2236 697 2321 passari
720 2236 754 2301 in
776 2235 893 2304 Sicilia
914 2257 975 2322 per
994 2247 1109 2305 entrar
1130 2238 1220 2303 nella
1236 2238 1382 2322 Compa-

144 2352 243 2441 gnia,
262 2352 307 2418 V.
328 2354 367 2419 R.
386 2352 410 2416 l'
427 2354 556 2420 hauera
576 2372 636 2437 per
656 2352 937 2434 raccomandato,
960 2352 1126 2438 dandogli
1147 2353 1227 2437 quel
1249 2352 1383 2419 indrizo

147 2472 216 2535 che
234 2468 290 2534 nel
305 2467 433 2555 Signor
449 2479 567 2534 nostro
579 2471 689 2553 pont.

218 2586 261 2649 Et
279 2606 338 2669 per
354 2595 476 2666 questa
492 2604 560 2649 non
577 2604 717 2651 occorre
733 2585 832 2662 altr0‚
851 2594 918 2651 etc.

215 2700 269 2766 De
287 2700 394 2766 Roma
416 2716 454 2783 13
472 2698 505 2765 di
523 2698 666 2785 Maggio
687 2715 783 2782 1554.

216 2816 414 2901 Inscriptio
434 2816 467 2883 A
484 2815 619 2901 Napoli.
640 2818 705 2881 Per
722 2814 745 2880 il
764 2818 803 2882 P.
823 2818 963 2883 Andrea
982 2814 1016 2882 d'
1033 2816 1182 2885 Ouied0.

715 2986 807 3066 4451

151 3136 292 3203 PATRI
316 3134 611 3204 DOMENECCO
637 3136 736 3203 AUT
761 3136 900 3203 PATRI
924 3136 1116 3203 ACHILLI
1140 3138 1202 3203 EX
1232 3138 1383 3205 COMM.

592 3280 680 3323 norm
702 3265 736 3323 13
754 3280 824 3333 nati
846 3280 915 3338 1554
935 3268 955 3325 ¹.

153 3394 324 3449 Ludovicus
337 3395 373 3449 de
386 3394 556 3467 Hungaria
570 3392 604 3447 in
618 3393 761 3448 Siciliam
773 3392 919 3461 mittitur,
933 3398 965 3448 ut
977 3394 1020 3449 ibi
1032 3367 1178 3455 Societati
1193 3396 1388 3468 adjungatur

598 3487 626 3537 et
640 3482 819 3537 tirocinium
830 3487 939 3555 ponat.

221 3576 294 3640 Pax
311 3571 368 3640 X}

220 3690 354 3775 Questa
370 3688 447 3755 sard
464 3689 538 3755 solo
553 3710 614 3774 per
630 3688 702 3755 dire
718 3689 784 3755 alla
801 3690 843 3759 R.
861 3690 906 3757 V.
925 3710 1024 3758 come
1040 3691 1152 3774 questi
1168 3691 1203 3758 di
1220 3712 1241 3758 e
1257 3703 1387 3758 uenuto

151 3827 173 3871 a
190 3805 324 3891 pariare
340 3826 359 3871 a
376 3806 420 3871 N.
442 3806 482 3871 P.
510 3826 555 3871 un
580 3804 729 3891 giouane
750 3805 929 3891 spagnolo,
953 3805 1125 3872 chiamato
1147 3808 1250 3875 Mtro.
1274 3808 1389 3894 Luygi

153 3923 186 3987 (Υ
208 3920 374 4008 Vngaria,
397 3930 433 3987 et
454 3918 523 4007 egli
543 3923 588 3987 ha
609 3932 774 3987 mostrato
797 3920 910 3987 animo
932 3920 1074 3988 risoluto
1093 3922 1136 3987 d’·
1149 3921 1276 3991 intrare
1299 3924 1390 3992 nella

153 4036 379 4124 Compagnia.
401 4038 443 4102 Et
460 4059 520 4122 per
536 4035 667 4105 euitare
683 4036 805 4103 alcuna
822 4037 1002 4106 occasione
1022 4039 1057 4104 d'
1080 4038 1336 4126 impedimento,
1359 4038 1389 4104 si

156 4152 173 4219 ὲ
191 4152 379 4221 deliberato
395 4152 438 4219 de
455 4150 554 4219 uenir
569 4151 669 4218 costi:
688 4162 723 4218 et
740 4151 912 4219 crediamo
927 4155 991 4221 che
1010 4154 1046 4220 in
1068 4154 1175 4222 breue
1198 4154 1227 4221 si
1247 4155 1386 4241 partiri.

156 4272 200 4336 Et
221 4291 282 4355 per
304 4268 418 4335 alcuni
441 4266 571 4354 rispetti
593 4266 621 4333 si
643 4268 767 4334 manda
788 4290 848 4353 per
869 4269 955 4336 altra
977 4269 1033 4337 uia
1053 4282 1187 4357 questa,
1211 4281 1246 4336 et
1266 4293 1335 4337 non
1356 4272 1389 4338 la

156 4396 255 4471 porta
271 4382 294 4450 il
310 4383 508 4452 medesim0.

224 4502 291 4570 Per
311 4500 365 4567 cib
385 4500 559 4584 adunque,
582 4497 765 4567 arriuando
792 4501 878 4567 costi
906 4502 1002 4568 detto
1031 4503 1133 4571 Mtro.
1165 4502 1280 4591 Luigi,
1312 4505 1389 4572 uole

158 4634 354 4646 ..-

211 4690 218 4724 ¹
256 4690 300 4744 Ex
318 4688 420 4744 codice
438 4688 553 4759 Regest.
570 4685 612 4753 tt,
628 4684 658 4746 ff.
675 4687 838 4757 105v·1061.
