3567 5409
577 479 684 556 Ensr.
701 490 836 547 4414.-r
858 478 934 545 unp
956 491 1024 559 ¹554
1329 479 1382 547 655

186 654 241 700 ras
253 632 308 699 bic
321 631 466 698 mittam.
480 631 602 699 Gauisi
615 652 736 698 sumus
748 632 783 698 in
796 632 946 699 Domino
957 634 1000 699 de
1012 632 1172 719 ingressu
1191 635 1283 720 Mag.
1301 634 1418 701 Theo·

184 748 293 816 dorici
308 747 437 816 Canisii
454 758 489 817 et
505 748 581 816 eius
597 748 732 834 nepotis
746 748 783 813 in
803 749 1027 829 Societatem,
1049 758 1084 817 et
1106 748 1217 831 reditu
1243 752 1336 835 Mag.
1357 752 1416 838 Ja-

185 864 291 933 cobi’
308 863 514 943 Louanium,
532 875 568 929 et
582 864 626 929 de
641 863 718 931 eius
732 863 896 931 conuictu
913 884 992 930 cum
1016 862 1070 930 his
1093 863 1187 945 uiris,
1210 864 1418 949 quibuscum

186 980 293 1066 possit
309 982 447 1047 tandem
464 978 676 1066 resipiscere.
695 981 750 1049 De
764 980 1007 1048 secretioribus
1021 978 1226 1067 quibusdam
1241 981 1420 1053 admoneri

187 1098 326 1164 Patrem
342 1106 497 1162 nostrum
515 1095 656 1162 omnino
672 1116 820 1180 aequum
837 1095 915 1161 fuit.
944 1097 1044 1181 Quae
1064 1117 1107 1162 ex
1130 1095 1294 1183 Augusta
1317 1096 1420 1165 intel-

185 1210 333 1279 leximus
349 1210 405 1278 his
420 1222 622 1278 consonant.
642 1211 770 1279 Omnia
788 1222 901 1277 uertat
917 1212 1014 1279 Deus
1034 1210 1068 1277 in
1091 1212 1235 1279 salutem
1253 1211 1418 1298 reipubli-

184 1348 248 1396 cae
263 1339 357 1394 rem.

253 1444 357 1529 Quod
380 1442 504 1512 attinet
525 1444 569 1511 ad
591 1443 756 1531 pecunias
778 1455 901 1510 mutuo
928 1444 1025 1511 datas
1050 1445 1210 1511 Andreae
1240 1444 1362 1522 Liner,
1389 1444 1418 1511 si

186 1569 270 1625 tunc
286 1560 386 1626 datae
401 1559 555 1637 suerunt,
573 1578 652 1624 curn
670 1559 823 1625 nondum
839 1560 1037 1645 exploratus
1057 1571 1149 1627 esset
1171 1560 1246 1628 eius
1268 1559 1418 1639 animur,

186 1676 289 1761 culpa
305 1663 423 1743 reterri
446 1685 559 1759 potest
579 1698 623 1743 ex
644 1685 740 1761 parte
759 1676 802 1741 ad
824 1674 1122 1743 comendationem
1146 1686 1296 1742 nostram
1319 1676 1419 1761 (quae

187 1802 302 1859 tamen
325 1792 396 1858 fere
419 1790 454 1855 in
475 1789 711 1875 spiritualibus
731 1791 835 1859 debet
856 1790 1027 1877 intelligi).
1051 1790 1088 1859 Si
1110 1803 1187 1877 post
1208 1790 1417 1859 intellectam

186 1905 262 1974 eius
278 1919 440 1986 mentem,
463 1905 529 1972 sibi
550 1916 682 1973 tantum
704 1905 874 1974 ascribere
895 1907 1019 1993 poterit
1040 1908 1084 1974 V.
1109 1908 1165 1973 R.:
1190 1906 1348 1995 ignoscat
1370 1907 1419 1972 illi

187 2022 369 2103 Dominus,
388 2033 423 2091 et
438 2023 482 2089 ad
498 2031 658 2090 aeternae
672 2022 793 2088 salutis
809 2033 945 2109 portum
962 2022 1134 2090 homiuem
1151 2024 1313 2089 deducat.

254 2136 446 2224 Scripserat
467 2152 505 2221 15
514 2136 668 2227 Januarii
679 2133 747 2226 di[e
760 2138 815 2227 P.]
828 2138 1030 2206 Leonardus
1042 2160 1079 2205 se
1090 2137 1265 2224 accepisse
1277 2150 1417 2204 centum

186 2273 310 2320 aureos
325 2275 346 2320 a
361 2254 449 2323 Rdo.
468 2252 580 2340 priore
595 2252 765 2321 cartusiae
784 2256 808 2288 ¹⁰
824 2252 859 2318 in
876 2253 1128 2333 eleemosinam,
1147 2253 1333 2320 mittendos
1349 2254 1418 2319 Ro-

186 2390 290 2450 mam3
307 2381 343 2436 et
359 2390 419 2454 per
436 2370 480 2435 V.
500 2370 542 2436 R.
562 2378 761 2435 curatumm
778 2388 816 2434 se
831 2368 918 2435 dixit
935 2380 973 2434 ut
994 2367 1321 2437 transmitterentur.
1345 2370 1416 2435 lam

184 2506 264 2551 cum
281 2485 396 2569 plures
412 2484 487 2551 eius
502 2484 634 2551 litteras
654 2486 674 2549 8
694 2482 884 2563 Februarii,
911 2502 946 2551 11
972 2484 1099 2565 Martii,
1123 2485 1144 2550 6
1166 2495 1201 2551 et
1227 2502 1266 2551 10
1289 2484 1418 2571 Aprilis

185 2598 332 2685 scriptas
350 2598 559 2685 accepimus,
580 2600 615 2664 in
639 2598 765 2684 quibus
788 2599 917 2671 nullam
942 2600 1023 2668 facit
1047 2620 1166 2667 eorum
1191 2599 1415 2680 mentionem,

181 2736 261 2781 cum
280 2728 392 2781 tamen
409 2726 647 2801 expectaretur
660 2714 759 2781 ualde
771 2727 964 2800 opportune
977 2716 1206 2783 aduenturum
1220 2714 1415 2782 subsidium

181 2830 280 2910 illud,
305 2832 350 2898 V.
376 2832 418 2899 R.
443 2852 507 2897 nos
527 2842 664 2897 moneat
684 2828 767 2916 quid
787 2831 830 2897 de
850 2852 892 2899 ea
912 2851 949 2897 re
971 2830 1189 2912 intellexerit,
1212 2816 1242 2897 si
1270 2830 1416 2919 tam[en]

182 2945 366 3032 quicquam
382 2946 562 3017 intellexit.

251 3061 365 3129 Prima
380 3062 435 3129 die
453 3062 533 3147 Maji
555 3077 650 3146 1554.
758 3109 762 3116 ι

252 3179 444 3264 Inscriptio.
468 3177 573 3246 Perii
591 3181 630 3245 P.
647 3178 812 3245 Adriano.

234 3394 247 3425 θ
283 3392 387 3461 Jncobi
401 3390 572 3449 Aldenardi.
588 3392 771 3461 Porrncus,
788 3392 912 3460 Chrom,
926 3392 980 3463 lll,
995 3406 1039 3451 20.

198 3507 201 3514 ’
226 3482 250 3517 '⁰
285 3480 418 3539 Gerardo
436 3482 666 3549 Hammontauo,
683 3480 734 3553 qui
753 3498 841 3552 saepe
861 3480 891 3535 in
914 3481 960 3535 his
984 3482 1115 3537 Monuit.
1139 3481 1252 3537 meritis
1275 3480 1414 3537 laudibus

180 3573 362 3627 honestatur.
378 3570 424 3624 Ad
434 3572 512 3624 bunc
521 3577 620 3625 autern
630 3586 740 3624 aunum
749 3578 885 3640 spectant
895 3586 970 3643 quae
983 3580 1079 3625 narrat
1089 3570 1273 3641 Ponticae,
1286 3568 1415 3637 Chrom,

180 3659 232 3726 lV,
246 3672 300 3729 270
313 3668 344 3714 et
358 3658 419 3727 278.
