3567 5409
797 458 1008 515 nonnum
1022 460 1202 517 Iouerum

730 757 871 823 etum
889 634 1078 845 millio
1103 758 1267 829 nmmo

788 883 878 927 noun
900 884 934 942 19
952 884 1076 928 nrtums
1097 851 1207 943 1554'2

461 995 594 1051 Litterae
607 996 871 1051 commendatitiae
884 997 1194 1069 mutantem-Socii,
1204 1018 1355 1073 gennente
1367 1002 1524 1076 collegium

741 1086 943 1158 auspicaturi,
955 1085 988 1141 in
998 1088 1157 1158 procinctu
1169 1093 1249 1149 sarit.

443 1229 488 1296 Al
505 1232 545 1296 P.
564 1232 701 1314 Laynez
717 1229 745 1296 si
761 1229 884 1297 scrisse
900 1230 936 1297 in
952 1231 1097 1318 risposta
1112 1232 1202 1301 della
1218 1234 1340 1302 suade
1360 1252 1398 1301 12
1419 1235 1456 1302 d'
1475 1235 1597 1323 Aprile,

377 1356 411 1413 et
426 1366 464 1413 se
479 1344 527 1432 gli
543 1346 668 1411 mandi>
683 1367 752 1411 una
768 1366 827 1431 per
842 1345 867 1413 ti
881 1346 988 1413 nostri
1004 1347 1039 1413 di
1057 1348 1211 1415 Louanio
1227 1348 1261 1415 in
1286 1350 1596 1421 raecomandatione

376 1461 455 1528 delli
471 1460 540 1528 duo
556 1461 699 1549 figliuoli
711 1462 754 1529 de
770 1464 819 1530 M.
836 1464 1029 1531 Francesco
1047 1466 1142 1531 Baua
1158 1464 1182 1531 '.

443 1566 492 1635 2.⁰
537 1570 583 1637 Se
597 1568 646 1654 gli
662 1568 753 1635 disse
768 1589 866 1636 come
881 1569 914 1635 la
926 1581 1031 1655 gente
1047 1580 1100 1637 sta
1115 1570 1149 1637 in
1166 1571 1298 1651 ordine,
1317 1586 1351 1639 et
1370 1592 1428 1659 per
1449 1574 1485 1638 lo
1506 1576 1596 1660 Mag·

376 1684 434 1771 gio
446 1696 616 1770 potranno
632 1705 746 1753 essere
763 1686 806 1752 lt.

446 1798 539 1867 Addi
561 1819 600 1890 19
615 1800 649 1866 di
668 1799 786 1885 Aprile
805 1816 903 1885 1554.

444 1918 643 2002 Inscriptio.
663 1917 823 1985 Genoua.
950 1996 954 2004 Ι

938 2098 1047 2181 4378

492 2229 647 2296 PATER
665 2230 881 2317 JOANNES
905 2231 968 2296 DE
993 2229 1221 2297 POLANCO
1246 2232 1308 2297 EX
1332 2232 1485 2303 COMM.

731 2353 851 2408 enum
870 2352 1054 2411 contnuo
1073 2336 1247 2409 nummu

784 2482 872 2525 noun
895 2483 928 2539 19
948 2483 1070 2527 tennis
1091 2482 1160 2539 1554
1177 2475 1195 2527 ¹.

558 2610 715 2665 Francisci
731 2608 871 2665 Cattanei
878 2610 945 2682 filii
957 2611 1043 2665 enixe
1055 2612 1316 2670 commendantur.

444 2763 516 2828 Pax
532 2762 677 2830 Christi.

442 2876 650 2946 Charissime
667 2879 769 2945 Pater
786 2877 819 2943 in
837 2876 903 2944 X.⁰
914 2879 1010 2965 Jesu.

442 2994 514 3059 Has
530 2992 646 3061 literas
663 2994 773 3061 terent
789 2993 858 3061 duo
873 2992 1020 3061 iuuenes
1032 2992 1164 3061 nobiles
1177 3013 1383 3081 genuenses,
1398 2991 1457 3059 filii
1471 2992 1598 3079 magni·

373 3109 429 3175 fici
445 3107 574 3174 domini
596 3107 769 3175 Francisci
789 3108 948 3177 Cattanei
971 3110 1099 3189 Bauae,
1122 3107 1242 3194 optimi
1265 3107 1341 3188 uiri,
1366 3118 1401 3175 et
1422 3108 1465 3175 de
1488 3120 1598 3174 nostro

373 3222 518 3309 collegio
533 3224 702 3309 genuensi
726 3222 837 3309 (cuius
856 3234 1028 3310 protector
1044 3226 1107 3309 est)
1129 3223 1257 3310 optime
1278 3222 1401 3305 meriti3
1429 3222 1501 3309 qui,
1527 3244 1598 3290 cum

372 3341 516 3405 alterum
533 3339 759 3424 Antuerpiam
780 3352 1004 3419 mercaturae,
1030 3340 1172 3405 alterum
1195 3338 1388 3407 Louanium
1409 3338 1598 3405 studiorum

373 3454 483 3541 gratia
510 3454 676 3522 missurus
702 3466 810 3534 esset,
840 3467 1013 3539 utrunque
1036 3454 1144 3520 filium
1169 3454 1243 3523 VJ*e
1260 3456 1328 3522 R.¹¹e
1354 3457 1456 3523 Pater
1479 3466 1594 3523 noster

373 3572 467 3657 Mag.
487 3566 642 3658 Ignatius
656 3582 671 3611 ⁸
687 3570 918 3637 commendari
938 3569 1056 3637 uoluit.
1076 3571 1120 3637 V.
1142 3572 1181 3637 R.
1201 3590 1299 3657 ergo,
1318 3590 1398 3637 cum
1415 3592 1540 3657 suapse
1557 3568 1599 3637 sit

373 3706 561 3771 propensus
576 3688 620 3752 ad
636 3685 837 3753 charitatem
852 3686 888 3751 in
905 3708 1024 3755 omnes
1039 3687 1256 3753 exercerdam
1277 3685 1304 3767 b,
1326 3708 1402 3754 eam
1422 3686 1459 3752 in
1476 3698 1597 3752 utrun-

372 3822 439 3889 que
454 3804 576 3869 horum
592 3804 737 3869 duorum
755 3802 933 3883 iuuenum,
953 3801 1058 3887 patris
1073 3802 1128 3867 sui
1140 3801 1325 3871 deuotione
1337 3812 1373 3871 et
1385 3801 1491 3869 nostri
1505 3822 1597 3867 eom·

372 3918 589 3988 mendatione
611 3919 793 3999 excitatuS,
820 3917 960 3987 uberius
984 3919 1149 3999 effundet,
1179 3929 1215 3984 ut
1239 3918 1362 3985 fratres
1385 3938 1425 3983 ac
1450 3917 1540 3983 lilios
1563 3915 1600 3981 in

367 4036 451 4122 Jesu
467 4035 532 4100 X.⁰
549 4034 766 4101 charissimos
779 4034 1016 4120 amplectetur,
1035 4046 1081 4115 et,
1100 4033 1135 4100 in
1151 4032 1347 4101 christianis
1363 4030 1552 4100 uirtutibus
1565 4044 1603 4097 ut

424 4263 437 4292 ι
474 4247 548 4307 Pris.
563 4248 619 4307 nri.
632 4248 692 4304 Mu
704 4247 810 4318 Ignatii
823 4266 879 4307 ms,
921 4250 969 4292 -b
988 4246 1145 4303 exeerdam
1157 4264 1211 4305 ms.

424 4448 432 4477 ⁸
471 4447 515 4500 Ex
528 4444 631 4501 codice
646 4446 764 4518 Regcst.
778 4444 821 4513 II,
835 4443 889 4500 iol.
907 4458 967 4515 921.

424 4548 435 4577 “
473 4543 550 4599 Vide
563 4544 716 4616 epistolam
729 4552 914 4616 sequentem.

425 4689 431 4718 ¹
472 4686 515 4741 Ex
528 4686 630 4742 codice
645 4686 762 4760 Regest.
777 4687 818 4755 Il,
832 4686 883 4745 iol.
901 4700 975 4747 100r.
