3567 5409
528 488 1063 561 Eetst.4117.-28Jnnoen111554
1098 491 1102 498 '
1265 502 1270 516 ·
1323 488 1376 559 253

162 661 185 707 a
208 661 273 711 me
305 641 349 709 mi
374 644 483 710 sforsa
503 643 548 712 de
568 661 637 709 non
659 643 755 711 uolet
780 641 969 728 procedere
994 654 1118 709 contra
1140 643 1174 740 ¹³.
1196 641 1329 710 chariti
1352 644 1410 711 del

162 755 320 844 figliolo‚
338 759 547 827 mettendolo
562 761 599 824 in
614 757 765 845 pericolo
781 775 842 846 pet
862 759 896 825 la
911 757 1150 832 consolatione
1164 758 1304 826 carnale
1319 759 1414 827 delld

160 875 307 956 madre,
324 875 380 942 cui
396 875 507 942 sanitd
522 872 656 942 interna
671 885 707 942 et
726 861 865 943 esterna
880 874 1005 960 puotrd
1027 876 1094 942 ben
1111 875 1174 941 dar
1194 873 1291 942 lddio
1307 875 1352 942 N.
1370 876 1408 943 S.

52 1049 57 1062 .
159 1009 284 1058 sanza
302 990 325 1057 il
345 1003 466 1058 nostro
486 987 673 1069 disordine‚
697 990 777 1076 qual
797 990 945 1059 sarebbe
966 1010 1036 1057 non
1060 989 1181 1076 picolo.
1192 989 1227 1057 in
1248 989 1370 1057 lasciar
1386 989 1409 1056 il

161 1105 308 1192 figliolo
325 1105 460 1176 uedersi
472 1125 537 1172 con
554 1103 611 1186 lei,
625 1105 773 1172 essendo
785 1123 877 1172 noua
894 1105 1021 1191 planta,
1036 1116 1072 1174 et
1087 1105 1180 1173 torsa
1192 1127 1260 1174 non
1278 1108 1410 1173 hauen·

161 1221 213 1287 do
231 1231 332 1288 tante
347 1220 463 1290 radice
475 1221 541 1288 che
556 1219 685 1308 potessi
699 1219 786 1306 patir
796 1221 829 1287 la
846 1230 1016 1306 tempesta
1030 1221 1111 1289 delli
1123 1219 1233 1288 affetti
1246 1220 1407 1288 materni.
1482 1217 1486 1223 ’

160 1337 209 1403 V.
233 1339 280 1404 R.
299 1339 409 1424 (come
425 1347 531 1424 tengo
546 1345 641 1404 certo
655 1335 736 1421 sard)
754 1355 903 1421 procuro
916 1335 961 1404 de
974 1335 1059 1404 farla
1073 1356 1200 1423 capace
1216 1328 1284 1406 che
1295 1337 1328 1404 la
1345 1357 1407 1404 sua

159 1451 388 1520 consolation
405 1463 440 1519 et
456 1451 571 1540 quiete
586 1451 621 1518 d'
639 1451 755 1518 animo
772 1452 883 1538 pende
899 1452 956 1521 del
972 1451 1196 1520 conformarsl
1209 1473 1277 1519 con
1293 1454 1332 1520 la·
1344 1474 1406 1519 uo·

160 1568 270 1634 luntd
290 1568 336 1637 de
354 1567 435 1647 Dio,
458 1576 494 1634 et
513 1587 582 1634 non
604 1566 638 1633 in
660 1567 767 1634 ueder
789 1565 814 1633 il
835 1566 981 1654 figlidlo,
1003 1568 1061 1634 cui
1081 1567 1340 1654 perseuerantia
1364 1567 1407 1637 lei

163 1684 262 1754 deue
277 1703 473 1770 procurare,
491 1703 530 1752 se
546 1703 614 1749 non
637 1683 742 1748 uuole
756 1681 957 1772 most[r]arsi
974 1685 1091 1751 madre
1107 1686 1298 1754 solamente
1312 1683 1407 1753 della

167 1819 293 1866 carne.

240 1915 313 1982 All'
337 1913 482 1981 orationi
503 1915 546 1982 de
567 1916 611 1982 V.
636 1915 677 1982 R.
701 1916 807 1982 molto
830 1914 876 1982 mi
897 1917 1126 1983 raccomando
1139 1927 1166 1996 ⁸3
1188 1927 1224 1983 et
1243 1935 1353 2003 prego
1370 1917 1405 1984 la

165 2030 292 2098 diuina
307 2040 343 2098 et
358 2051 489 2096 somma
510 2029 616 2096 bonttl
635 2053 656 2097 a
677 2030 757 2098 tutti
781 2031 934 2100 conceda
953 2031 990 2096 in
1010 2031 1093 2117 ogni
1116 2051 1196 2099 cosa
1219 2030 1348 2100 sentire
1370 2044 1408 2101 et

165 2145 349 2233 adempire
365 2166 428 2214 sua
443 2145 638 2214 santissima
656 2146 810 2214 uoluntd.

238 2265 294 2330 De
310 2263 419 2328 Roma
436 2261 478 2328 28
494 2261 529 2328 di
541 2262 682 2330 Genaro
703 2275 799 2346 1554.
883 2277 887 2285 “

237 2378 437 2462 Inscriptio.
457 2378 524 2444 Per
541 2377 644 2444 fratte
661 2377 854 2444 Francesco
870 2377 914 2445 de
931 2376 1056 2448 Miede.

751 2557 830 2637 4117

289 2689 430 2756 PATRI
456 2688 717 2756 ALPHONSO
742 2689 1016 2758 SALMERONI
1041 2691 1103 2757 EX
1126 2691 1279 2759 COMM.

575 2824 665 2868 noun
679 2812 714 2866 28
726 2825 873 2878 Jnnunnn
889 2825 959 2884 15⁵4
977 2818 996 2870 ¹.

165 2947 284 3004 ovinas·
300 2948 490 3019 opusculum,
507 2947 672 3018 probatum
691 2947 815 3014 Romae,
836 2949 1007 3005 tonantum
1024 2949 1254 3006 minitas-De
1279 2949 1407 3006 Octavio

222 3035 366 3108 Caesare,
376 3036 499 3108 ejusque
505 3037 698 3092 matre-Do
702 3037 836 3108 joannis
846 3035 976 3095 reomao
986 3037 1333 3106 fratro.-Salmcronis
1343 3057 1406 3094 mo·

213 3121 300 3200 g'nm
313 3129 437 3181 animus
448 3125 693 3185 laudatum-Da
710 3125 820 3183 Ovicdi
832 3127 1267 3187 annotationibus-tinam
1279 3130 1404 3185 mittun·

219 3215 372 3276 tun-De
392 3215 540 3292 proregt's·
558 3215 713 3270 voluntate
733 3213 885 3274 audiendi
906 3217 1215 3276 Solmcronem.-De
1239 3220 1405 3275 candidato

226 3309 369 3380 quodam.

238 3445 310 3510 Pax
328 3439 469 3512 Christi.

239 3560 286 3627 La
303 3567 532 3626 otrasemana
548 3535 791 3643 por'ordende
804 3559 848 3626 N.
870 3559 909 3623 P.
932 3579 978 3624 no
998 3557 1115 3626 scriui.
1140 3561 1234 3627 Aora
1257 3581 1399 3646 respon-

166 3677 254 3742 dere
270 3679 290 3740 ἐι
308 3674 339 3740 la
355 3673 397 3740 de
418 3691 456 3740 12
474 3685 508 3740 et
525 3691 564 3740 21
581 3673 636 3740 del
648 3685 817 3758 presente.

235 3791 265 3858 Y
281 3801 412 3875 quanto
427 3795 447 3856 ἐι
462 3789 498 3856 lo
514 3787 642 3874 scripto
657 3788 713 3856 del
732 3790 770 3856 Ρ.
792 3789 893 3856 Mtro.
916 3791 1080 3858 Andres'
1098 3792 1199 3859 sobre
1215 3802 1331 3860 entrar
1355 3813 1400 3860 en

162 3905 325 3992 religidn,
344 3927 389 3972 no
404 3928 448 3991 ay
463 3926 530 3990 que
545 3905 639 3972 decit
655 3903 731 3971 sino
746 3917 760 3945 ²
776 3927 843 3992 que
859 3915 958 3972 staua
975 3908 1101 3986 buen03
1122 3929 1142 3990 y
1159 3928 1223 3973 con
1242 3907 1399 3976 anadirle

161 4023 314 4108 algunos
330 4019 543 4090 testimonios
559 4020 603 4089 de
619 4022 649 4086 la
666 4021 834 4106 scriptura
851 4022 932 4106 yde
952 4023 1003 4089 los
1024 4023 1183 4091 doctores
1203 4045 1225 4108 y
1249 4023 1401 4109 algunos

162 4138 359 4222 exemplos,
376 4157 414 4204 se
429 4139 475 4202 ha
490 4136 640 4222 ynbiado
657 4141 677 4202 t
694 4135 860 4203 Louania.

221 4331 235 4360 ι
271 4313 299 4370 ci
313 4311 491 4370 accomando
505 4331 561 4372 ms.

219 4473 233 4502 ²
270 4475 303 4513 SC
317 4472 376 4513 non
390 4475 446 4516 ms.

164 4563 366 4574 ——n

219 4619 226 4651 ¹
266 4619 311 4674 Ex
324 4617 428 4674 codice
444 4617 563 4692 Regcst.
579 4619 623 4685 II,
638 4617 668 4674 ff.
682 4630 812 4686 41v-42r.

217 4706 229 4737 ⁸
267 4705 403 4764 Andreas
417 4705 563 4768 Oviedus.
578 4705 654 4763 Vide
667 4707 823 4780 epistolem
836 4705 919 4777 4098.
