3567 5409
751 466 958 523 Monurrnsrn
981 467 1161 523 Iouerum

861 621 967 703 3085
996 616 1049 673 '⁵¹⁸

506 762 729 831 AEGIDIUS
752 762 1003 829 FALCETTA
1027 760 1171 829 EPISC.
1197 760 1400 827 CAPRUL.

675 894 708 953 P.
739 892 940 953 IGNATIO
969 894 1026 949 DE
1055 890 1243 951 LOYOLA
1311 881 1313 886 ’

716 1024 825 1068 ossus
846 1024 862 1066 2
881 1022 1061 1067 nncsussrrs
1082 1010 1152 1080 1553
1172 1014 1192 1071 ⁸.

341 1164 520 1236 Respublica
539 1164 702 1237 genuensis
718 1164 794 1235 quid
811 1164 978 1219 decreverit
992 1169 1052 1236 pro
1070 1162 1227 1218 samtaris
1244 1162 1370 1235 collegio
1387 1161 1573 1217 instituendo

875 1252 1044 1325 significat.
1070 1316 1075 1326 ι

403 1406 588 1467 Reverendo
604 1407 636 1465 in
651 1406 707 1465 X.⁰
720 1406 794 1481 Jesu
809 1406 903 1465 irater
916 1406 1108 1465 honorande.

403 1513 476 1573 Non
494 1514 536 1573 ho
554 1514 652 1589 prima
673 1521 815 1589 resposto
835 1513 894 1572 alle
914 1514 1022 1571 lettere
1041 1512 1083 1571 de
1100 1512 1139 1572 V.
1159 1512 1195 1570 R.
1216 1511 1256 1571 de
1276 1510 1315 1569 28
1334 1512 1376 1571 de
1396 1510 1533 1571 Octobre
1551 1509 1574 1581 ¹,

344 1622 460 1697 perche
479 1620 662 1679 desiderans
680 1620 757 1679 darli
779 1620 940 1698 raguaglio
959 1620 1001 1678 de
1019 1618 1093 1693 quel
1112 1620 1171 1677 che
1190 1620 1267 1677 hora
1286 1618 1307 1677 li
1326 1618 1408 1690 dien,
1422 1626 1454 1679 et
1468 1619 1499 1677 e:
1514 1618 1574 1677 che

343 1729 438 1805 dapoi
453 1728 479 1785 si
494 1728 511 1785 ἐ
526 1734 648 1805 gustato
662 1728 683 1785 il
697 1726 776 1786 cibo
783 1724 907 1785 salutar'
921 1727 973 1785 del
986 1733 1094 1785 nostro
1109 1726 1203 1785 charo
1217 1726 1346 1797 fratello,
1361 1734 1496 1785 maestro
1510 1725 1573 1784 don

342 1837 470 1911 Jacomo
484 1840 506 1908 ³,
521 1851 581 1893 con
596 1835 626 1893 le
641 1851 697 1893 sue
713 1842 802 1893 sante
817 1833 978 1907 prediche,
988 1850 1049 1892 con
1063 1834 1084 1892 li
1099 1833 1151 1891 doi
1166 1833 1283 1910 signori
1296 1834 1435 1908 deputati
1449 1850 1507 1891 son
1520 1850 1574 1891 an·

345 1945 419 2003 dato
430 1942 558 2001 venerdl
570 1950 695 2015 passato
707 1942 738 1999 in
749 1942 778 1999 la
787 1941 884 1999 lllma.
897 1940 1075 2011 Sria.,doue
1086 1958 1140 1998 era
1150 1942 1168 1998 l'
1184 1958 1248 1999 uno
1260 1958 1277 1998 e
1289 1939 1308 1997 l’
1318 1942 1397 1999 altro
1406 1941 1421 1968 ⁸
1431 1940 1574 2017 collegio,

346 2058 377 2109 et
387 2066 431 2109 ex
442 2050 648 2123 consequenti
663 2048 682 2107 l'
698 2049 820 2126 integro
835 2055 955 2119 senato,
969 2064 987 2106 e
1003 2048 1079 2106 dissi
1094 2047 1168 2122 quel
1183 2049 1243 2106 che
1254 2046 1316 2105 Dio
1330 2064 1382 2105 rne
1396 2048 1513 2123 inspiro
1528 2048 1541 2089 b
1556 2062 1575 2105 e

342 2160 431 2223 fauor
443 2157 515 2215 dell'
531 2173 626 2231 opera
639 2156 680 2213 de
696 2155 756 2213 Dio
772 2173 828 2230 per
842 2154 963 2214 condur
977 2156 997 2213 il
1012 2154 1156 2231 collegio,
1171 2164 1258 2213 tanto
1277 2154 1455 2213 desiderato
1469 2155 1510 2213 da
1524 2172 1575 2213 rne

341 2282 359 2324 e
375 2265 461 2324 molti
476 2264 570 2335 fideli;
586 2280 604 2321 e
618 2280 679 2323 con
694 2262 767 2337 quel
783 2262 842 2320 che
858 2263 1064 2340 soggionsero
1084 2262 1105 2319 li
1119 2262 1268 2337 deputati,
1289 2263 1318 2320 la
1332 2262 1429 2321 Illrne.
1444 2260 1520 2347 Sria.
1536 2263 1575 2320 ha

341 2372 547 2432 determinato
562 2370 622 2429 che
640 2386 674 2428 se
689 2370 848 2429 conduchi
863 2369 904 2427 ad
923 2370 998 2445 ogni
1013 2368 1119 2439 modo,
1138 2384 1156 2427 e
1171 2368 1322 2443 deputati,
1337 2386 1466 2444 apresso
1480 2370 1500 2427 li
1520 2369 1574 2428 doi

342 2480 442 2555 primi,
458 2479 523 2537 altn'
538 2478 601 2551 dol,
616 2480 676 2535 che
691 2494 791 2536 sonno
806 2476 827 2534 li
843 2476 1000 2552 magnifici
1016 2484 1150 2534 maestro
1165 2474 1341 2553 Augustino
1361 2475 1536 2535 Lornelllno
1556 2493 1574 2535 e

343 2594 476 2646 maestro
496 2584 624 2643 Stelano
644 2584 780 2662 Raggio,
800 2585 858 2643 che
875 2583 1062 2658 pronedino'
1073 2583 1118 2641 dil
1137 2584 1207 2641 loco
1227 2600 1245 2641 e
1264 2583 1358 2641 modo
1382 2584 1407 2641 si
1427 2584 1516 2641 harri
1534 2583 1575 2641 da

341 2703 430 2754 tener
444 2693 496 2752 del
510 2693 598 2751 uiuer
611 2692 687 2763 lor0,
702 2698 767 2749 eta
784 2696 896 2765 questo
918 2706 953 2749 se
974 2690 1135 2749 attendere
1150 2687 1172 2748 ⁴.
1188 2689 1333 2748 Donemo
1349 2690 1499 2767 regratisr
1512 2690 1575 2748 Dio

343 2786 487 2861 adonclre
498 2801 538 2859 de
549 2802 578 2859 la
588 2800 685 2877 gratia
696 2816 846 2859 concessa
858 2817 875 2856 a
885 2806 997 2873 questa
1007 2798 1082 2856 citte
1092 2806 1124 2856 et
1135 2816 1152 2855 a
1162 2798 1182 2856 li
1195 2798 1303 2857 lrstelli
1315 2798 1374 2857 che
1380 2814 1481 2857 sonno
1492 2798 1576 2856 chia-

343 2910 416 2969 mati
432 2913 574 2983 aquesta
588 2924 663 2984 gran
678 2924 791 2980 messe,
805 2906 899 2977 done,
918 2923 979 2963 con
995 2906 1013 2963 l’
1029 2906 1135 2965 adiuto
1151 2906 1192 2964 de
1206 2922 1263 2965 sna
1277 2906 1396 2964 maestis
1411 2904 1526 2976 diuina,
1540 2922 1575 2962 se

344 3018 425 3076 sarrs
438 3014 648 3093 grandissimo
664 3012 773 3073 sructo.

405 3114 445 3173 Et
458 3130 521 3172 non
536 3113 682 3171 hauendo
702 3128 757 3187 per
776 3112 853 3171 hora
871 3112 931 3169 che
949 3112 1028 3169 altro
1049 3111 1129 3184 dirli,
1143 3127 1193 3169 me
1211 3110 1402 3169 recomando
1421 3128 1482 3169 con
1501 3112 1576 3187 ogni

344 3223 544 3282 deuotionea
559 3220 601 3281 V.
618 3220 654 3279 R.
671 3227 703 3277 et
721 3226 833 3277 atutta
847 3228 860 3257 ⁰
874 3226 995 3276 cotesta
1014 3218 1189 3277 benedecta
1203 3217 1445 3295 congregatione
1461 3226 1493 3277 et
1512 3236 1531 3276 e
1546 3219 1575 3279 le

345 3346 400 3387 sue
415 3336 505 3387 sante
522 3326 662 3387 orationi.

404 3435 443 3494 Di
457 3434 569 3495 Genua
582 3434 633 3493 alli
651 3450 665 3490 2
682 3434 723 3492 de
737 3432 914 3491 Decembre
929 3432 981 3490 del
998 3444 1044 3504 53.
1059 3432 1107 3491 De
1122 3432 1160 3489 V.
1176 3432 1212 3491 R
1228 3431 1261 3491 in
1276 3432 1333 3490 X.⁰
1351 3434 1425 3508 Jesu
1445 3433 1575 3493 fratello.

929 3594 1057 3665 Eornro,
1072 3611 1212 3652 vescovo
1226 3594 1267 3652 de
1278 3594 1414 3654 Csuorli.

406 3767 580 3845 Inscriptio.
604 3765 643 3824 Al
666 3766 746 3826 Rdo.
766 3766 873 3837 Padre,
898 3765 961 3824 don
981 3766 1112 3843 Ignatio‚
1134 3766 1296 3839 preposito
1319 3766 1465 3843 generale
1487 3767 1528 3826 de
1548 3768 1578 3825 la

347 3874 580 3955 Congregation
595 3874 635 3932 de
648 3874 722 3948 Jestr
738 3906 775 3917 -
791 3906 829 3917 -
844 3906 882 3916 -—
898 3891 934 3931 su
950 3872 1068 3932 fratello
1083 3873 1276 3945 honorando,
1291 3862 1432 3932 a'Roma.

408 3982 512 4060 Sigilli
532 3982 703 4057 vestigium.

476 4124 559 4133 ...ι-..-

400 4223 414 4250 ⁸
452 4207 634 4261 ellaltroms.
673 4208 724 4249 -b
745 4203 944 4276 inspiroems.
981 4217 995 4245 c
1014 4212 1190 4260 atnctams.

357 4341 549 4351 ’.ᾳ-...-

403 4428 409 4457 ¹
449 4422 492 4476 Ex
507 4422 697 4492 autographo,
714 4420 744 4475 in
760 4419 832 4477 Cori.
847 4420 1010 4481 diversor„
1024 4432 1041 4472 2
1054 4416 1100 4485 ft,
1114 4436 1144 4476 n.
1158 4429 1203 4488 75,
1218 4418 1301 4489 prius
1313 4419 1359 4477 66.

400 4516 411 4547 ¹
449 4511 525 4566 Vide
539 4510 694 4582 epistolam
709 4508 790 4579 3870,
803 4526 903 4579 supra,
916 4508 954 4577 V,
968 4508 1031 4577 644.

400 4602 411 4631 ⁵
449 4598 725 4671 JacobusLainius.

400 4688 410 4719 ⁴
448 4688 523 4743 Vide
536 4688 833 4743 senatusconsultum
847 4684 1028 4757 reipublicae
1040 4689 1214 4757 genuensis.
1227 4686 1306 4757 quod
1320 4688 1420 4742 statim
1433 4685 1577 4759 seqnitur.
