3567 5409
394 508 429 550 22
768 494 976 549 mononem
999 486 1179 549 lenimine

358 647 500 735 figliolo,
518 656 553 713 et
569 645 690 714 alsarla
706 644 764 731 pid
780 656 896 732 presto
910 645 955 714 lei
971 646 1015 711 de
1030 647 1063 711 la
1078 664 1217 711 carnea
1239 644 1273 711 lo
1295 643 1429 731 spirito,
1451 645 1516 713 che
1537 644 1593 708 far

356 763 565 831 descendere
581 762 604 827 il
619 760 750 848 figliolo
764 772 799 828 et
815 760 896 827 tutti
913 760 969 827 noi
986 761 1077 829 dello
1092 759 1214 846 spirito
1229 760 1296 827 ella
1310 780 1427 827 carne.

425 880 503 945 Non
519 880 617 957 altro,
635 897 673 943 se
689 898 758 943 non
774 879 838 943 che
853 876 901 943 mi
918 877 1145 943 raccomando
1160 876 1266 943 molto
1277 876 1369 947 nella
1380 877 1495 943 buona
1506 896 1591 961 gra-

359 993 406 1061 tia
419 994 464 1063 de
480 995 524 1061 V.
543 993 646 1075 Sria.,
663 1004 698 1061 et
712 1014 817 1079 prego
833 994 865 1059 la
880 992 996 1059 diuina
1012 1003 1047 1059 et
1063 1014 1194 1061 somma
1210 993 1315 1059 bontd
1333 1012 1354 1057 a
1370 991 1451 1059 tutti
1463 1012 1590 1059 conce-

358 1112 402 1177 da
429 1130 616 1177 conoscere
639 1129 773 1195 sempre
794 1119 828 1176 et
849 1108 1007 1195 esseguir
1029 1111 1292 1194 perfettamente
1311 1129 1375 1175 sua
1395 1105 1591 1173 santissima

358 1226 517 1294 uolunti.

425 1345 480 1411 De
496 1344 604 1409 Roma
621 1361 639 1425 3
657 1342 700 1409 de
716 1343 910 1409 Decembre
932 1357 1028 1425 1553.

1006 1530 1029 1608 3

453 1652 593 1721 PATRI
619 1654 906 1721 HIERONYMO
924 1530 1225 1721 {egMENECCO
1252 1656 1311 1720 EX
1336 1654 1487 1720 COMM.

751 1781 866 1837 1101115
886 1779 1069 1823 oecnuems
1097 1766 1166 1837 1553
1183 1774 1200 1824 ¹.

360 1902 471 1958 Plures
485 1922 514 1958 se
527 1904 672 1975 accepisse
682 1902 800 1957 litteras
810 1900 1062 1975 significat-De
1071 1902 1256 1959 monasterio
1266 1904 1497 1957 Ascensionic.-
1508 1904 1590 1959 Gau·

409 1996 458 2049 del
469 1994 563 2048 socios
578 1992 750 2048 Barcinone
766 1994 865 2047 salvos
883 1994 917 2047 in
937 1992 1076 2047 Siciliam
1094 1994 1260 2063 appulisse:
1276 2009 1325 2048 eos
1341 2010 1435 2063 quam
1449 1994 1589 2065 primum

411 2083 540 2138 Romam
554 2082 746 2155 ingressuros
758 2081 1063 2150 sperat-Antonius
1074 2082 1110 2133 cle
1134 2080 1248 2135 llrbino
1266 2082 1300 2135 in
1319 2080 1508 2144 Societatem,
1521 2084 1590 2151 pro-

409 2172 539 2227 bationis
551 2186 655 2233 causa,
670 2170 827 2241 recipitur,
845 2170 877 2223 in
893 2169 1032 2225 Siciliam
1046 2168 1305 2225 mittendum—De
1316 2170 1417 2224 soluto
1430 2171 1589 2225 asicilien·

409 2262 492 2317 sibus
502 2262 632 2332 pecunia
648 2261 791 2315 nuntium
807 2258 1016 2314 Monl'eaculus
1029 2261 1152 2329 accepit.

428 2397 500 2462 Pax
517 2392 657 2463 Christi.

426 2510 619 2577 Habbiamo
635 2510 791 2576 riceuuto
808 2510 920 2594 quelle
937 2511 980 2576 de
996 2510 1030 2589 8,
1052 2527 1104 2589 11,
1128 2510 1178 2588 16,
1203 2509 1253 2588 18,
1273 2526 1316 2590 24
1332 2508 1344 2541 ¹
1362 2508 1585 2575 6126111Νο-

359 2628 512 2713 nembro,
535 2626 568 2691 di
591 2627 636 2695 V.
660 2628 701 2692 R.
724 2638 758 2691 et
778 2623 812 2689 di
837 2628 937 2692 Mtro.
958 2624 1084 2691 Anibal
1101 2628 1125 2703 ³,
1144 2623 1201 2689 alli
1217 2624 1317 2709 quale
1334 2625 1362 2691 si
1380 2625 1586 2711 responderit

358 2745 442 2811 altra
461 2744 563 2808 uolta.
584 2745 650 2810 Per
666 2742 787 2807 adesso
803 2741 938 2807 basterd
954 2742 1092 2807 hauisar
1108 2742 1151 2809 de
1168 2742 1199 2806 la
1216 2740 1382 2820 riceuuta,
1401 2752 1436 2808 et
1452 2744 1515 2808 che
1529 2763 1586 2805 so-

358 2880 418 2945 pra
435 2857 458 2923 il
475 2856 678 2925 monasterio
694 2856 771 2925 dell’
788 2856 1004 2925 Ascensione
1024 2857 1053 2924 si
1075 2857 1093 2923 ἐ
1116 2858 1201 2925 fatto
1224 2856 1332 2943 hoggi
1355 2858 1386 2923 la
1408 2855 1587 2942 diligentia

358 2977 423 3042 che
439 2974 467 3041 si
484 2974 641 3042 contiene
657 2972 691 3040 in
708 2975 766 3038 un'
783 2974 880 3052 altra,
899 2975 967 3041 che
985 2994 1027 3039 ua
1043 2974 1085 3039 da
1101 2985 1209 3059 parte,
1228 2974 1323 3039 accio
1341 2972 1369 3039 si
1386 2994 1486 3059 possa
1512 2994 1586 3038 mo-

359 3102 467 3157 strare
484 3090 516 3155 al
532 3088 660 3157 vissare
679 3090 704 3158 ⁴.
1474 3179 1480 3187 φ

425 3206 475 3273 Ce
490 3204 596 3272 siamo
613 3204 714 3273 etiam
732 3206 837 3271 molto
849 3204 1023 3290 rallegrati
1036 3206 1091 3273 nel
1105 3205 1232 3290 Signor
1244 3216 1363 3270 nostro
1376 3203 1586 3290 inten[den}·

357 3323 401 3387 do
418 3321 440 3385 l'
458 3321 606 3387 arriuata
622 3321 665 3388 de
681 3320 704 3385 li
722 3333 773 3388 tre
790 3321 910 3387 uenuti
927 3321 971 3389 de
985 3321 1188 3402 Barcelona,
1206 3322 1250 3389 de
1270 3322 1301 3387 la
1323 3321 1423 3405 quale
1444 3320 1494 3387 sia
1516 3319 1587 3386 rin·

358 3437 506 3523 gratiato
527 3437 632 3503 lddio.
660 3436 755 3521 Ogni
776 3436 811 3503 di
834 3436 855 3501 li
878 3448 1091 3520 aspetaremo
1112 3437 1170 3522 gie
1192 3436 1228 3503 in
1249 3439 1359 3503 Roma
1379 3458 1439 3523 per
1461 3446 1588 3503 terrac

357 3574 418 3639 per
433 3573 554 3637 acqua,
573 3573 593 3617 o
610 3568 708 3617 como
726 3552 852 3638 meglio
868 3551 897 3617 si
914 3552 1024 3637 potrd3
1043 3554 1167 3636 perche
1185 3574 1223 3620 se
1240 3552 1308 3619 ben
1330 3552 1358 3617 si
1375 3574 1438 3619 son
1455 3552 1588 3617 comin-

359 3668 439 3735 ciati
455 3668 478 3733 li
495 3667 610 3749 studii,
638 3667 814 3753 tagliando
835 3668 891 3733 del
913 3689 1003 3753 pano
1024 3670 1089 3733 che
1111 3667 1143 3734 ci
1164 3689 1233 3748 era,
1256 3670 1328 3733 loro
1349 3668 1546 3734 arriuarano
1569 3691 1589 3735 a

359 3786 427 3850 bon
447 3796 573 3869 tempo,
591 3793 625 3849 et
642 3795 738 3849 tanto
755 3784 825 3869 pio,
843 3786 908 3849 che
924 3783 958 3849 in
975 3784 1031 3849 doi
1049 3784 1159 3867 giorni
1176 3784 1204 3849 si
1222 3806 1306 3849 sono
1322 3784 1456 3851 amalati
1470 3785 1514 3850 da
1535 3803 1586 3865 12,

359 3902 410 3967 fra
427 3900 449 3965 li
466 3899 557 3986 quali
573 3921 677 3983 erano
693 3899 806 3965 alcuni
823 3899 954 3982 mesni,
971 3910 1007 3967 et
1022 3902 1086 3965 δὲ
1106 3912 1198 3966 tanto
1214 3900 1362 3987 bisogno
1378 3886 1413 3967 d'
1427 3902 1586 3988 aggiuto‚

359 4019 423 4083 che
440 4016 636 4083 trouandosi
654 4036 722 4099 qua
738 4017 782 4081 V.
803 4018 858 4095 R„
877 4015 954 4082 dice
971 4018 1014 4082 N.
1037 4019 1074 4083 P.
1095 4020 1160 4081 che
1177 4017 1267 4082 forsa
1279 4018 1301 4082 li
1315 4019 1588 4085 comendarebbe

359 4131 501 4216 leggere
530 4152 597 4197 una
618 4152 639 4196 o
661 4130 718 4196 doi
740 4130 901 4196 lectione.
927 4131 1140 4198 Finalmente
1162 4143 1290 4215 quanto
1311 4131 1468 4217 primasi
1492 4137 1588 4217 potr&

361 4283 509 4291 -—-—-.--
519 4284 545 4289 .-

414 4365 420 4395 ¹
460 4364 503 4417 Ex
517 4363 619 4419 codice
635 4364 752 4437 Regesl.
767 4364 793 4431 1,
807 4364 856 4421 lol.
872 4376 935 4431 217.

412 4451 424 4484 2
464 4454 558 4524 Epist.
574 4454 699 4518 Mixlae,
717 4454 772 4523 ΙΙΙ,
788 4456 851 4522 015,
874 4452 923 4507 ubi
941 4451 979 4506 de
996 4452 1224 4523 redintegranda
1241 4454 1375 4509 coenobii
1396 4453 1588 4509 Ascensionis

356 4546 485 4615 collapsa
498 4543 653 4614 disciplina
667 4545 775 4613 agitur,

413 4636 422 4663 ⁸
461 4634 589 4689 Annibal
604 4632 780 4689 CoudretuS.

411 4726 421 4757 ⁴
460 4724 589 4793 joannes
604 4724 697 4791 Vegn.
712 4722 788 4777 Vide
802 4723 957 4793 epistolam
971 4732 1155 4795 sequentem.
1175 4710 1180 4719 ¹
