3567 5409
384 447 436 502 230
762 447 1161 502 Monnrranrnlonnamnn

350 602 393 669 de
409 598 555 686 operarii
572 599 678 666 buoni
694 609 728 666 et
744 598 836 667 fideli
853 601 920 665 che
934 597 964 664 si
981 610 1080 665 troua
1095 597 1131 664 in
1149 598 1360 685 Alemagna,
1378 619 1448 665 non
1466 597 1503 664 ui
1518 618 1578 664 es-

350 717 458 783 sendo
474 737 618 802 persone
635 715 757 783 idonee
773 716 808 781 in
825 713 896 782 vita
910 728 945 780 et
960 713 1111 786 dottrina
1131 714 1302 781 catholica
1323 734 1384 800 per
1398 713 1579 783 cometerli

352 831 384 897 la
401 852 482 898 cura
499 832 587 899 delle
603 830 732 912 anime,
751 831 769 897 e
794 852 897 916 parso
918 840 1165 898 sommamente
1185 829 1382 897 necessario
1396 852 1458 916 per
1472 841 1582 897 trate-

353 967 434 1015 nere
450 947 565 1033 quello
581 950 645 1014 che
661 958 752 1015 resta
767 947 857 1016 della
878 944 1069 1032 relligione,
1091 958 1127 1011 et
1142 943 1245 1012 etiam
1261 967 1323 1031 per
1344 945 1581 1032 reacquistare

351 1064 465 1148 quello
486 1062 542 1128 ch'
562 1065 582 1130 ὁ
604 1083 702 1148 perso
723 1084 784 1150 per
804 1061 826 1128 il
848 1062 937 1129 malo
958 1061 1128 1148 essempio
1147 1061 1228 1128 delli
1249 1059 1412 1128 catholici
1432 1073 1468 1130 et
1488 1063 1583 1128 mala

352 1179 504 1245 dottrina
515 1178 596 1246 delli
610 1179 764 1259 heretici,
780 1179 830 1245 far
847 1200 891 1244 un
905 1174 1088 1244 seminario
1100 1178 1144 1246 de
1156 1197 1249 1245 noue
1261 1177 1390 1262 piante,
1403 1178 1491 1246 delle
1504 1198 1575 1244 me>

351 1293 482 1362 desime
503 1293 633 1360 nationi
655 1304 690 1362 et
710 1295 845 1380 lingue,
869 1292 1086 1380 procurando
1106 1291 1229 1380 pigliar
1250 1290 1393 1379 gloueni
1413 1294 1456 1358 de
1470 1290 1582 1358 buoni

250 1415 253 1424 “
353 1409 510 1496 ingegni,
529 1420 564 1475 et
580 1409 785 1479 alleuandoli
802 1421 836 1476 et
853 1406 1113 1498 ins[ti]tuendoli
1128 1409 1163 1474 in
1181 1407 1287 1498 buoni
1302 1407 1450 1475 costumi
1465 1420 1500 1475 et
1516 1408 1584 1476 let·

353 1537 437 1602 tere,
463 1524 560 1590 accio
580 1526 647 1592 che
668 1525 703 1592 di
729 1524 832 1610 quelli
855 1525 1046 1612 pottessino
1067 1523 1125 1610 poi
1145 1523 1293 1618 elegersi
1314 1523 1337 1590 li
1361 1523 1520 1604 uescoui,
1545 1537 1584 1592 et

353 1639 476 1720 curati,
496 1652 528 1708 et
547 1639 764 1726 predicatori,
783 1653 817 1710 et
834 1640 947 1708 lettori
968 1639 1112 1707 insieme
1131 1639 1239 1707 buoni
1254 1651 1290 1709 et
1306 1640 1464 1720 litterati,
1481 1639 1583 1708 accib

353 1756 375 1820 il
395 1755 544 1822 remedio
560 1756 731 1822 contrario
746 1755 860 1822 curasi
876 1757 910 1822 la
924 1755 1099 1836 infirmita,
1115 1757 1181 1823 che
1197 1757 1216 1822 ὲ
1233 1757 1421 1842 proceduta
1436 1755 1472 1821 in
1483 1756 1583 1841 quel·

355 1875 386 1940 le
404 1871 549 1952 nationi,
567 1893 664 1940 come
682 1872 699 1938 ὲ
717 1873 824 1954 detto,
839 1874 896 1938 dal
909 1872 998 1938 male
1009 1871 1179 1958 essempio
1189 1883 1225 1940 et
1239 1872 1396 1938 doctrina
1413 1872 1492 1938 delli
1504 1869 1583 1939 suoi

357 1987 495 2072 pastori,
516 1987 719 2072 predicatori
737 1999 772 2055 et
784 1987 912 2055 lettori.

364 2119 368 2124 ·
423 2104 557 2188 Questo
574 2124 642 2168 non
659 2101 687 2168 si
706 2115 829 2188 poteua
848 2103 920 2170 fare
936 2102 971 2170 in
990 2105 1183 2190 Alemagna
1203 2125 1304 2170 como
1321 2103 1350 2170 si
1366 2124 1582 2186 conueneua,

356 2229 451 2303 parte
469 2239 528 2302 per
544 2239 657 2284 essere
675 2228 771 2283 tanto
787 2219 902 2302 guasti
924 2219 1013 2286 nella
1036 2218 1215 2304 relligione
1235 2217 1423 2299 catholica,
1441 2239 1511 2286 non
1527 2239 1584 2284 so-

353 2336 502 2400 lamente
519 2332 541 2398 li
558 2331 713 2400 herettici
732 2332 916 2414 manifesti,
935 2327 989 2400 ma
1005 2333 1108 2400 etiam
1126 2334 1222 2402 molti
1237 2338 1302 2401 che
1318 2355 1445 2421 pareno
1458 2336 1583 2401 catho-

356 2449 424 2530 lici;
443 2449 477 2514 di
495 2451 597 2515 modo
613 2452 677 2517 che
692 2449 717 2515 il
734 2449 800 2516 mal
817 2448 989 2536 essempio
1005 2452 1078 2516 loro
1088 2432 1234 2519 ‘haueria
1251 2451 1336 2516 fatto
1351 2451 1483 2537 grande
1496 2452 1582 2517 dan·

357 2587 402 2630 no
418 2587 437 2631 a
454 2575 575 2650 questa
592 2563 776 2652 giouenth,
795 2565 839 2632 da
855 2567 892 2631 se
915 2576 1037 2652 troppo
1057 2566 1221 2633 inclinata
1240 2567 1306 2633 alla
1327 2565 1466 2647 liberta3
1485 2578 1584 2652 parte

357 2683 483 2766 perche
500 2703 568 2746 non
585 2681 613 2746 si
632 2682 764 2749 uedeua
781 2680 804 2746 il
821 2681 923 2748 modo
939 2683 982 2748 ne
999 2681 1034 2747 di
1047 2683 1214 2767 proueder
1230 2681 1286 2748 alli
1303 2681 1440 2768 bisogni
1453 2693 1584 2768 tempo·

357 2796 432 2874 rali,
451 2796 494 2862 ne
512 2795 613 2862 etiam
631 2795 675 2861 de
690 2796 776 2862 darii
793 2797 911 2863 mastri
932 2811 966 2866 et
987 2797 1209 2884 gouernatori
1229 2797 1264 2864 di
1281 2810 1403 2883 questo
1418 2796 1581 2882 collegiO,

356 2909 446 2995 quali
464 2910 491 2978 si
510 2933 724 2993 conueneua;
744 2925 841 2998 parte
857 2915 985 3000 perche
1000 2915 1147 2981 essendo
1163 2913 1197 2979 in
1219 2925 1315 2981 tanta
1330 2913 1584 3012 abominatione

357 3025 381 3091 il
398 3047 499 3093 nome
521 3027 611 3094 della
631 3027 712 3096 sede
733 3027 921 3113 apostolica
942 3050 1083 3094 romana
1103 3050 1243 3114 apresso
1263 3052 1283 3096 a
1304 3021 1417 3113 'quelle
1438 3028 1581 3109 nationi,

356 3143 423 3208 che
439 3141 460 3206 li
479 3144 496 3206 b
514 3163 618 3208 causa
633 3145 676 3210 de
693 3143 817 3212 leuarsi
836 3143 1021 3211 uoluntieri
1037 3145 1127 3212 della
1143 3145 1338 3212 obedientia
1353 3156 1388 3214 et
1405 3145 1533 3212 unione
1548 3143 1584 3210 di

358 3258 483 3342 quella,
502 3279 704 3326 conueneua
720 3262 783 3327 che
800 3260 828 3324 si
847 3260 971 3326 laccesi
989 3274 1110 3345 questo
1132 3261 1280 3348 collegio
1294 3261 1330 3327 in
1350 3264 1475 3344 Roma,
1493 3263 1584 3328 doue

357 3395 422 3439 con
439 3373 664 3458 esperientia,
684 3376 841 3442 uedendo
862 3376 895 3441 la
915 3375 1063 3455 charita,
1081 3387 1116 3443 et
1139 3377 1162 3442 il
1178 3377 1346 3444 beneficio
1362 3391 1398 3446 et
1412 3377 1584 3445 desiderio

357 3490 401 3556 de
417 3510 479 3555 sua
495 3491 605 3557 salute
621 3493 684 3556 che
701 3490 794 3560 tiene
810 3503 933 3576 questa
955 3491 1067 3568 sedia,
1087 3491 1277 3559 mutassino
1297 3494 1321 3558 il
1337 3494 1403 3560 mal
1424 3504 1584 3560 concetto

357 3616 392 3673 et
408 3605 585 3673 affertione
601 3603 636 3670 in
652 3606 781 3686 buonn,
800 3619 835 3676 et
852 3619 949 3673 tanto
967 3606 1024 3692 pin
1041 3608 1169 3674 fossino
1186 3607 1345 3694 dissposti
1362 3630 1423 3694 per
1437 3609 1471 3675 la
1482 3608 1583 3674 unio-

357 3744 401 3789 ne
417 3721 609 3790 necessaria
630 3743 695 3788 con
712 3745 800 3789 essa.
829 3723 867 3788 Et
884 3724 1011 3808 perche
1032 3724 1144 3790 alcuni
1167 3723 1247 3789 mali
1267 3723 1426 3808 essempii
1449 3745 1517 3790 non
1536 3724 1583 3788 fa·

357 3837 492 3905 cessino
508 3839 622 3904 danno
638 3861 658 3904 a
673 3839 748 3904 loro
763 3838 923 3919 costumi,
941 3841 960 3906 ὲ
976 3860 1108 3926 parsoa
1124 3839 1161 3909 S.
1181 3841 1218 3908 S.
1237 3851 1272 3908 et
1289 3839 1345 3906 alli
1359 3839 1457 3926 primi
1472 3837 1584 3907 cardi-

356 4035 438 4092 rifico
450 4034 561 4106 studio,
574 4051 632 4107 quo
646 4035 676 4090 in
690 4035 870 4092 Societatem
885 4037 1074 4093 Muzarellius
1086 4038 1248 4108 ferebatur,
1262 4039 1300 4093 de
1314 4055 1373 4112 quo
1385 4055 1483 4094 sermo
1495 4047 1543 4094 eat
1555 4039 1585 4094 in

355 4124 479 4196 epistola
494 4126 654 4196 superiore,
670 4133 701 4180 et
713 4143 749 4180 ex
765 4127 815 4195 lis,
830 4143 907 4199 quae
919 4127 1102 4191 Ροιιιιευε,
1122 4129 1248 4191 Chron„
1261 4128 1317 4196 IV,
1329 4127 1381 4184 288
1398 4129 1504 4186 litteris
1517 4145 1585 4183 con·

357 4215 496 4285 signavit,
512 4216 574 4284 ubi,
587 4233 680 4285 agens
693 4215 731 4270 de
745 4216 848 4272 nuntio
858 4217 1029 4272 Muzarellio
1039 4226 1070 4273 et
1080 4217 1117 4271 de
1128 4217 1413 4288 imperatoriscuria,
1423 4218 1474 4278 ait:
1487 4219 1586 4274 artuu-

355 4304 414 4358 tius
428 4305 650 4372 Apostolicus...
666 4323 699 4359 se
712 4321 783 4374 erga
793 4305 974 4360 Societatem
983 4306 1194 4362 amicissimum
1204 4306 1377 4378 exhibebat,
1388 4315 1420 4369 et
1429 4307 1486 4379 ipei
1495 4308 1584 4363 etiam

354 4410 443 4448 curae
457 4393 511 4448 luit
525 4403 617 4449 utres
631 4405 746 4450 nostras
756 4396 930 4466 Imperatori
943 4396 1163 4452 commendaret
1173 4398 1293 4451 nomine
1302 4397 1464 4466 Pontificia;
1477 4405 1586 4453 etcum

355 4483 487 4557 quotidie
501 4502 517 4538 a
530 4483 659 4540 diversis
671 4487 722 4558 qui
736 4485 917 4540 Societatem
929 4485 1109 4554 diligebant,
1125 4484 1207 4541 curia
1225 4486 1275 4541 illa
1292 4485 1399 4542 melina
1416 4485 1587 4543 informare·

356 4579 414 4642 tnr,
429 4572 599 4628 emolliendi
613 4575 731 4630 tandem
742 4575 833 4629 animi
846 4575 997 4628 hominum
1011 4575 1217 4630 videbantum
1232 4576 1333 4645 Quare
1346 4593 1486 4648 praeeene
1498 4575 1588 4632 infor·

358 4660 447 4718 matio
459 4662 555 4717 eidem
570 4664 739 4718 Muzarellio
751 4664 814 4718 visa
828 4673 874 4718 eat
884 4662 1015 4719 inscribi.
