3567 5409
553 492 657 547 EPIST.
677 487 828 561 4379.-21
850 490 978 547 Armis
999 500 1067 558 1554
1337 497 1388 545 021

193 642 389 729 proficiant,
407 642 553 723 curabit3
571 642 646 713 eius
662 641 848 729 praecipue
862 662 981 709 curam
1002 640 1167 727 gerendo,
1192 640 1250 727 qui
1280 641 1425 709 Louanii

192 758 300 828 literis
315 780 454 845 operam
464 770 518 826 est
533 758 689 844 daturus,
704 760 758 827 De
772 779 842 842 quo
856 756 940 843 quid
956 756 1081 827 sentiat
1096 758 1141 825 V.
1162 758 1220 837 R..
1235 771 1270 827 et
1283 758 1420 827 demum

191 875 287 960 qnod
301 874 377 944 eius
396 885 528 961 patrem
548 876 638 943 scire
657 874 783 945 debere
805 872 983 953 iudicabit,
1006 873 1049 941 ad
1069 874 1112 943 Ρ.
1137 874 1232 959 Mag.
1251 874 1422 961 Jacobum

191 991 334 1077 Laynez
350 992 407 1059 nel
421 990 465 1059 ad
483 1012 548 1059 nos
563 990 702 1059 scribet.

259 1108 303 1174 Et
315 1109 401 1175 haec
412 1108 531 1174 eadem
544 1105 609 1174 sibi
620 1106 747 1192 scripta
761 1109 800 1173 P.
818 1106 1014 1174 Bernardus
1026 1103 1203 1174 Oliuerius
1215 1116 1250 1172 et
1260 1108 1299 1173 Ρ.
1312 1104 1424 1191 Quin·

191 1220 289 1291 tinus
299 1222 508 1293 existiment.

260 1340 347 1407 Vale
358 1339 394 1405 in
409 1338 560 1407 Domino
571 1340 656 1427 Jesu
671 1337 737 1407 X.⁰

264 1456 393 1523 Romae
412 1474 453 1542 19
467 1453 598 1541 Aprilis
617 1470 716 1538 1554.

266 1571 460 1657 Insm'plt'o.
489 1571 693 1651 Louanium,
723 1572 763 1637 P.
791 1568 946 1637 Adriano
975 1565 1168 1662 Pola[n]cus
1192 1569 1235 1637 de
1262 1568 1424 1637 commis·

193 1706 304 1753 stone.

367 1977 510 2048 PATRI
534 1856 991 2047 ADRIANOogngIDO
1017 1978 1079 2045 EX
1102 1979 1254 2047 COMM.

604 2107 693 2151 noua
712 2107 744 2149 21
766 2105 890 2151 nmis
912 2106 981 2164 1554
995 2094 1014 2151 ¹.

194 2221 314 2294 Magna
326 2221 531 2277 sollicitudine
544 2220 634 2276 illum
647 2223 730 2278 docet
742 2223 890 2292 quomodo
902 2219 962 2275 iter
975 2219 1008 2274 in
1018 2218 1159 2293 patriam
1171 2222 1211 2275 sit
1223 2220 1424 2293 confecturus,

547 2310 592 2365 De
601 2310 720 2383 gratiis
732 2310 769 2365 ab
781 2309 907 2383 Ignalio
919 2310 1072 2365 concessis.

265 2456 338 2521 Pax
355 2453 411 2521 X.¹

264 2568 475 2637 Charissimo
491 2569 527 2636 in
543 2569 608 2637 X.⁰
618 2572 750 2637 'Padre
852 2660 856 2667 .

264 2685 331 2751 Per
346 2686 379 2752 le
394 2686 515 2755 lettere
531 2686 575 2753 de
592 2703 610 2769 5
628 2687 684 2755 del
699 2697 858 2775 presente
873 2684 987 2753 scriue
1003 2682 1026 2749 il
1043 2686 1083 2751 Ρ.
1109 2684 1291 2753 Pelletario
1307 2687 1374 2753 che
1389 2686 1422 2752 la

196 2802 239 2867 R.
259 2801 303 2886 V.
322 2800 519 2889 partirebbe
533 2803 651 2870 lunedi
671 2814 850 2891 seguente.
871 2804 929 2869 Ma
943 2800 966 2866 il
984 2802 1022 2867 P.
1045 2802 1106 2868 Dr.
1126 2800 1255 2881 Olane,
1273 2800 1422 2869 arriuato

195 2938 216 2982 a
233 2917 342 2982 Roma
357 2916 469 3002 questi
485 2917 610 3005 giorni,
628 2917 659 2983 ci
675 2920 721 2983 ha
736 2919 832 2985 detto
848 2920 913 2985 che
930 2916 986 2983 alli
1002 2916 1124 2983 medici
1141 2936 1210 2983 non
1227 2937 1354 3002 pareua
1371 2916 1422 3002 pi-

195 3031 285 3118 gliar
301 3046 424 3117 questo
439 3033 557 3119 uiagio
580 3055 640 3119 per
662 3034 800 3113 adesse,
823 3054 879 3100 ma
902 3032 961 3121 pin
981 3042 1099 3119 presto
1113 3030 1200 3100 certi
1215 3030 1333 3119 bagni,
1350 3043 1419 3099 etc.

196 3146 235 3213 In
258 3147 366 3217 ueriti
392 3147 449 3214 noi
472 3148 644 3215 crediamo
664 3152 729 3216 che
752 3168 819 3215 con
844 3146 1006 3235 raggioni
1028 3146 1133 3214 buoni
1158 3146 1187 3213 si
1210 3168 1295 3214 sono
1318 3146 1422 3213 moesi
1475 3134 1483 3147 ⁸

195 3262 280 3332 detti
297 3262 431 3330 medici.
450 3265 526 3331 Con
543 3275 677 3350 questo.
696 3286 746 3347 se,
765 3262 898 3350 probati
915 3263 938 3329 li
954 3263 1072 3351 bagni‚
1087 3264 1208 3351 pareri
1224 3262 1421 3349 espediente

195 3380 303 3446 andar
324 3380 356 3446 al
378 3400 500 3467 paese,
524 3391 648 3467 questo
672 3381 773 3447 modo
794 3380 825 3447 ci
847 3400 1049 3447 occorreua:
1076 3378 1211 3460 Primo‘,
1234 3380 1341 3445 andar
1360 3401 1422 3465 per

195 3516 304 3581 acqua
324 3494 416 3591 insin
437 3518 457 3562 a
478 3496 643 3583 Vinegia,
666 3508 701 3564 et
716 3518 754 3565 se
775 3496 937 3582 bisogna,
956 3494 1045 3591 insin
1067 3516 1087 3561 a
1111 3495 1262 3576 Padoua3
1281 3493 1420 3581 doppoi,

195 3611 439 3678 accordandosi
453 3632 519 3678 con
535 3612 680 3697 qualche
693 3610 873 3679 mulatiero
888 3610 924 3677 in
940 3621 1051 3679 sextte
1063 3622 1089 3691 ¹,
1108 3631 1206 3679 come
1223 3610 1251 3676 si
1264 3630 1373 3676 usano
1386 3608 1421 3675 di

194 3746 276 3811 qua,
294 3726 323 3793 si
340 3748 490 3813 pensaua
507 3727 616 3813 potria
631 3748 769 3813 pessare
784 3726 899 3793 insino
915 3726 947 3793 al
963 3727 1073 3806 Reno,
1096 3748 1167 3791 non
1183 3725 1386 3813 aspettando
1402 3746 1422 3790 a

193 3842 322 3911 intrare
337 3842 373 3907 in
389 3844 503 3928 quello
519 3844 657 3929 quando
673 3841 702 3909 si
718 3841 830 3909 arriua
850 3864 871 3909 a
887 3841 1000 3927 Spita,
1019 3863 1074 3909 ma
1090 3839 1125 3907 in
1142 3842 1248 3927 luogo
1263 3839 1321 3928 pin
1340 3839 1421 3907 uici-

194 3979 253 4039 no,
271 3979 372 4025 como
387 3959 532 4027 sarebbe
548 3958 762 4039 Constantia,
776 3979 815 4025 se
830 3979 897 4044 pur
909 3957 933 4023 il
948 3957 1054 4026 fiume
1068 3956 1309 4043 enauigabi1e,
1324 3976 1422 4024 corne

194 4095 288 4160 pare.
305 4072 349 4139 Et
370 4087 491 4159 questa
514 4073 741 4161 intelligentia
761 4074 816 4141 del
836 4074 913 4141 loco
934 4074 993 4159 pin
1014 4072 1127 4139 vicino
1147 4084 1182 4141 et
1201 4073 1346 4139 comodo
1361 4095 1422 4159 per

193 4188 321 4259 intrare
336 4191 393 4257 nel
409 4190 513 4256 fiume
537 4189 567 4257 si
588 4190 710 4275 puotrti
733 4188 855 4277 pigliar
875 4188 910 4255 in
932 4188 1078 4258 Venetia
1098 4189 1176 4255 delli
1198 4188 1341 4256 svizzeri
1356 4187 1371 4229 b
1386 4199 1422 4257 et

194 4306 385 4389 thedeschi;
404 4308 544 4393 perche,
562 4306 708 4373 essendo
724 4306 868 4372 comodo
884 4305 908 4371 il
920 4305 1086 4393 nauigare
1102 4306 1254 4372 secundo
1266 4304 1418 4382 flumine,

245 4546 259 4573 ²
293 4531 349 4598 εἰς
359 4519 457 4585 ceste?
493 4532 544 4574 -b
562 4528 690 4600 sguiseri
704 4546 760 4587 ms.

245 4731 254 4762 ¹
293 4730 338 4784 Ex
349 4728 451 4785 codice
464 4729 582 4801 Regetl.
597 4726 701 4797 11,f01.
718 4741 765 4799 ²9·
