<?xml version="1.0" encoding="UTF-8"?>
<!DOCTYPE html PUBLIC "-//W3C//DTD XHTML 1.0 Transitional//EN"
    "http://www.w3.org/TR/xhtml1/DTD/xhtml1-transitional.dtd">
<html xmlns="http://www.w3.org/1999/xhtml" xml:lang="en" lang="en">
 <head>
  <title>
</title>
<meta http-equiv="Content-Type" content="text/html;charset=utf-8" />
  <meta name='ocr-system' content='tesseract 3.04.00' />
  <meta name='ocr-capabilities' content='ocr_page ocr_carea ocr_par ocr_line ocrx_word'/>
</head>
<body>
  <div class='ocr_page' id='page_1' title='image "./monumentaignati01ignagoog_0118.png"; bbox 0 0 3567 5409; ppageno 0'>
   <div class='ocr_carea' id='block_1_1' title="bbox 373 458 1147 515">
    <p class='ocr_par' dir='ltr' id='par_1_1' title="bbox 373 458 1147 515">
     <span class='ocr_line' id='line_1_1' title="bbox 373 458 1147 515; baseline -0.005 0"><span class='ocrx_word' id='word_1_1' title='bbox 373 472 422 515; x_wconf 89' lang='lat'>112</span> <span class='ocrx_word' id='word_1_2' title='bbox 744 458 949 514; x_wconf 76' lang='lat' dir='ltr'>Mosuuanrn</span> <span class='ocrx_word' id='word_1_3' title='bbox 969 458 1147 513; x_wconf 65' lang='lat' dir='ltr'>losannae</span> 
     </span>
    </p>
   </div>
   <div class='ocr_carea' id='block_1_2' title="bbox 334 608 1573 2441">
    <p class='ocr_par' dir='ltr' id='par_1_2' title="bbox 334 608 1570 1279">
     <span class='ocr_line' id='line_1_2' title="bbox 334 608 1567 700; baseline -0.001 -22"><span class='ocrx_word' id='word_1_4' title='bbox 334 614 429 681; x_wconf 88' lang='lat' dir='ltr'>detta</span> <span class='ocrx_word' id='word_1_5' title='bbox 444 612 560 679; x_wconf 87' lang='lat' dir='ltr'>chiesa</span> <span class='ocrx_word' id='word_1_6' title='bbox 575 611 659 700; x_wconf 86' lang='lat' dir='ltr'>[per]</span> <span class='ocrx_word' id='word_1_7' title='bbox 677 634 722 678; x_wconf 91' lang='lat' dir='ltr'>un</span> <span class='ocrx_word' id='word_1_8' title='bbox 735 610 881 698; x_wconf 86' lang='lat' dir='ltr'>collegio</span> <span class='ocrx_word' id='word_1_9' title='bbox 893 612 982 680; x_wconf 89' lang='lat' dir='ltr'>della</span> <span class='ocrx_word' id='word_1_10' title='bbox 995 610 1208 697; x_wconf 85' lang='lat' dir='ltr'>Compagnia</span> <span class='ocrx_word' id='word_1_11' title='bbox 1220 622 1350 680; x_wconf 84' lang='lat' dir='ltr'>nostra.</span> <span class='ocrx_word' id='word_1_12' title='bbox 1364 610 1408 677; x_wconf 88' lang='lat' dir='ltr'>Et</span> <span class='ocrx_word' id='word_1_13' title='bbox 1419 608 1456 676; x_wconf 90' lang='lat' dir='ltr'>in</span> <span class='ocrx_word' id='word_1_14' title='bbox 1467 610 1567 695; x_wconf 87' lang='lat' dir='ltr'>qual-</span> 
     </span>
     <span class='ocr_line' id='line_1_3' title="bbox 334 726 1569 816; baseline -0.002 -21"><span class='ocrx_word' id='word_1_15' title='bbox 334 728 482 816; x_wconf 86' lang='lat' dir='ltr'>siuoglia</span> <span class='ocrx_word' id='word_1_16' title='bbox 499 729 649 795; x_wconf 87' lang='lat' dir='ltr'>maniera</span> <span class='ocrx_word' id='word_1_17' title='bbox 664 730 731 798; x_wconf 88' lang='lat' dir='ltr'>che</span> <span class='ocrx_word' id='word_1_18' title='bbox 746 728 809 811; x_wconf 85' lang='lat' dir='ltr'>sia,</span> <span class='ocrx_word' id='word_1_19' title='bbox 828 729 973 796; x_wconf 85' lang='lat' dir='ltr'>sarebbe</span> <span class='ocrx_word' id='word_1_20' title='bbox 988 726 1220 795; x_wconf 87' lang='lat' dir='ltr'>conueniente</span> <span class='ocrx_word' id='word_1_21' title='bbox 1235 730 1284 812; x_wconf 89' lang='lat' dir='ltr'>(se</span> <span class='ocrx_word' id='word_1_22' title='bbox 1300 726 1454 794; x_wconf 78' lang='lat' dir='ltr'>dificultit</span> <span class='ocrx_word' id='word_1_23' title='bbox 1471 728 1569 793; x_wconf 90' lang='lat' dir='ltr'>alcu-</span> 
     </span>
     <span class='ocr_line' id='line_1_4' title="bbox 335 841 1570 932; baseline 0 -21"><span class='ocrx_word' id='word_1_24' title='bbox 335 867 380 911; x_wconf 84' lang='lat' dir='ltr'>na</span> <span class='ocrx_word' id='word_1_25' title='bbox 396 866 436 913; x_wconf 90' lang='lat' dir='ltr'>ce</span> <span class='ocrx_word' id='word_1_26' title='bbox 452 845 551 931; x_wconf 74' lang='lat' dir='ltr'>sert),</span> <span class='ocrx_word' id='word_1_27' title='bbox 566 846 633 911; x_wconf 86' lang='lat' dir='ltr'>che</span> <span class='ocrx_word' id='word_1_28' title='bbox 647 846 681 911; x_wconf 89' lang='lat' dir='ltr'>la</span> <span class='ocrx_word' id='word_1_29' title='bbox 696 845 887 913; x_wconf 86' lang='lat' dir='ltr'>eccellenza</span> <span class='ocrx_word' id='word_1_30' title='bbox 904 845 959 911; x_wconf 88' lang='lat' dir='ltr'>del</span> <span class='ocrx_word' id='word_1_31' title='bbox 975 845 1088 911; x_wconf 88' lang='lat' dir='ltr'>ducha</span> <span class='ocrx_word' id='word_1_32' title='bbox 1104 866 1126 911; x_wconf 92' lang='lat'>0</span> <span class='ocrx_word' id='word_1_33' title='bbox 1142 841 1255 932; x_wconf 70' lang='lat' dir='ltr'>della]</span> <span class='ocrx_word' id='word_1_34' title='bbox 1277 842 1418 931; x_wconf 85' lang='lat' dir='ltr'>signora</span> <span class='ocrx_word' id='word_1_35' title='bbox 1438 844 1570 911; x_wconf 88' lang='lat' dir='ltr'>duche-</span> 
     </span>
     <span class='ocr_line' id='line_1_5' title="bbox 335 960 1567 1048; baseline 0.001 -21"><span class='ocrx_word' id='word_1_36' title='bbox 335 984 372 1027; x_wconf 86' lang='lat' dir='ltr'>sa</span> <span class='ocrx_word' id='word_1_37' title='bbox 389 962 401 994; x_wconf 86' lang='lat'><strong>&#39;</strong></span> <span class='ocrx_word' id='word_1_38' title='bbox 418 960 560 1029; x_wconf 87' lang='lat' dir='ltr'>scriuesi</span> <span class='ocrx_word' id='word_1_39' title='bbox 577 962 608 1028; x_wconf 88' lang='lat' dir='ltr'>al</span> <span class='ocrx_word' id='word_1_40' title='bbox 624 982 689 1027; x_wconf 90' lang='lat' dir='ltr'>suo</span> <span class='ocrx_word' id='word_1_41' title='bbox 706 960 941 1029; x_wconf 86' lang='lat' dir='ltr'>inbasciadore</span> <span class='ocrx_word' id='word_1_42' title='bbox 957 982 978 1026; x_wconf 94' lang='lat'>0</span> <span class='ocrx_word' id='word_1_43' title='bbox 993 961 1026 1027; x_wconf 84' lang='lat' dir='ltr'>al</span> <span class='ocrx_word' id='word_1_44' title='bbox 1042 960 1193 1027; x_wconf 84' lang='lat' dir='ltr'>cardinal</span> <span class='ocrx_word' id='word_1_45' title='bbox 1214 960 1249 1025; x_wconf 92' lang='lat' dir='ltr'>di</span> <span class='ocrx_word' id='word_1_46' title='bbox 1270 972 1370 1027; x_wconf 85' lang='lat' dir='ltr'>santo</span> <span class='ocrx_word' id='word_1_47' title='bbox 1387 960 1517 1048; x_wconf 87' lang='lat' dir='ltr'>Jacobo</span> <span class='ocrx_word' id='word_1_48' title='bbox 1539 960 1567 1028; x_wconf 80' lang='lat'>⁸.</span> 
     </span>
     <span class='ocr_line' id='line_1_6' title="bbox 337 1074 1569 1164; baseline 0 -19"><span class='ocrx_word' id='word_1_49' title='bbox 337 1080 393 1145; x_wconf 89' lang='lat' dir='ltr'>Ma</span> <span class='ocrx_word' id='word_1_50' title='bbox 417 1077 451 1143; x_wconf 90' lang='lat' dir='ltr'>di</span> <span class='ocrx_word' id='word_1_51' title='bbox 471 1089 595 1163; x_wconf 87' lang='lat' dir='ltr'>questo</span> <span class='ocrx_word' id='word_1_52' title='bbox 616 1098 749 1144; x_wconf 86' lang='lat' dir='ltr'>saremo</span> <span class='ocrx_word' id='word_1_53' title='bbox 770 1098 905 1164; x_wconf 87' lang='lat' dir='ltr'>sempre</span> <span class='ocrx_word' id='word_1_54' title='bbox 925 1098 946 1142; x_wconf 89' lang='lat' dir='ltr'>a</span> <span class='ocrx_word' id='word_1_55' title='bbox 967 1088 1082 1164; x_wconf 86' lang='lat' dir='ltr'><strong>tempo</strong></span> <span class='ocrx_word' id='word_1_56' title='bbox 1101 1076 1145 1145; x_wconf 93' lang='lat' dir='ltr'>de</span> <span class='ocrx_word' id='word_1_57' title='bbox 1167 1078 1272 1145; x_wconf 79' lang='lat' dir='ltr'>aeder</span> <span class='ocrx_word' id='word_1_58' title='bbox 1292 1077 1407 1163; x_wconf 87' lang='lat' dir='ltr'>quello</span> <span class='ocrx_word' id='word_1_59' title='bbox 1429 1074 1569 1145; x_wconf 87' lang='lat' dir='ltr'>conuie·</span> 
     </span>
     <span class='ocr_line' id='line_1_7' title="bbox 336 1194 468 1279; baseline 0 -20"><span class='ocrx_word' id='word_1_60' title='bbox 336 1216 380 1261; x_wconf 91' lang='lat' dir='ltr'>ne</span> <span class='ocrx_word' id='word_1_61' title='bbox 398 1194 468 1279; x_wconf 74' lang='lat' dir='ltr'>piri.</span> 
     </span>
    </p>

    <p class='ocr_par' dir='ltr' id='par_1_3' title="bbox 337 1307 1573 1628">
     <span class='ocr_line' id='line_1_8' title="bbox 406 1307 1571 1397; baseline -0.003 -20"><span class='ocrx_word' id='word_1_62' title='bbox 406 1312 458 1378; x_wconf 89' lang='lat' dir='ltr'>De</span> <span class='ocrx_word' id='word_1_63' title='bbox 466 1310 612 1379; x_wconf 88' lang='lat' dir='ltr'>Venetia</span> <span class='ocrx_word' id='word_1_64' title='bbox 624 1310 652 1376; x_wconf 86' lang='lat' dir='ltr'>si</span> <span class='ocrx_word' id='word_1_65' title='bbox 665 1310 827 1377; x_wconf 75' lang='lat' dir='ltr'>mandarit</span> <span class='ocrx_word' id='word_1_66' title='bbox 839 1310 905 1376; x_wconf 83' lang='lat' dir='ltr'>alla</span> <span class='ocrx_word' id='word_1_67' title='bbox 917 1313 958 1377; x_wconf 92' lang='lat' dir='ltr'>R.</span> <span class='ocrx_word' id='word_1_68' title='bbox 970 1311 1014 1376; x_wconf 88' lang='lat' dir='ltr'>V.</span> <span class='ocrx_word' id='word_1_69' title='bbox 1028 1333 1075 1376; x_wconf 92' lang='lat' dir='ltr'>un</span> <span class='ocrx_word' id='word_1_70' title='bbox 1089 1310 1254 1397; x_wconf 85' lang='lat' dir='ltr'>giouane,</span> <span class='ocrx_word' id='word_1_71' title='bbox 1263 1307 1571 1376; x_wconf 86' lang='lat' dir='ltr'>chiamatoGioan-</span> 
     </span>
     <span class='ocr_line' id='line_1_9' title="bbox 337 1424 1573 1513; baseline -0.002 -20"><span class='ocrx_word' id='word_1_72' title='bbox 337 1424 371 1493; x_wconf 92' lang='lat' dir='ltr'>ni</span> <span class='ocrx_word' id='word_1_73' title='bbox 397 1424 549 1493; x_wconf 80' lang='lat' dir='ltr'>Antonio</span> <span class='ocrx_word' id='word_1_74' title='bbox 570 1428 703 1505; x_wconf 83' lang='lat' dir='ltr'>Maura,</span> <span class='ocrx_word' id='word_1_75' title='bbox 728 1426 937 1512; x_wconf 79' lang='lat' dir='ltr'>napolitano,</span> <span class='ocrx_word' id='word_1_76' title='bbox 962 1428 1008 1496; x_wconf 85' lang='lat' dir='ltr'>Se</span> <span class='ocrx_word' id='word_1_77' title='bbox 1027 1428 1062 1493; x_wconf 93' lang='lat' dir='ltr'>lo</span> <span class='ocrx_word' id='word_1_78' title='bbox 1083 1443 1251 1513; x_wconf 88' lang='lat' dir='ltr'>puotrano</span> <span class='ocrx_word' id='word_1_79' title='bbox 1273 1426 1573 1493; x_wconf 89' lang='lat' dir='ltr'>commodamente</span> 
     </span>
     <span class='ocr_line' id='line_1_10' title="bbox 337 1540 1568 1628; baseline -0.001 -22"><span class='ocrx_word' id='word_1_80' title='bbox 337 1552 455 1610; x_wconf 88' lang='lat' dir='ltr'>tenere</span> <span class='ocrx_word' id='word_1_81' title='bbox 470 1540 572 1620; x_wconf 83' lang='lat' dir='ltr'>costi,</span> <span class='ocrx_word' id='word_1_82' title='bbox 590 1542 624 1607; x_wconf 91' lang='lat' dir='ltr'>lo</span> <span class='ocrx_word' id='word_1_83' title='bbox 640 1541 832 1628; x_wconf 88' lang='lat' dir='ltr'>ritengan0;</span> <span class='ocrx_word' id='word_1_84' title='bbox 851 1564 888 1608; x_wconf 88' lang='lat' dir='ltr'>se</span> <span class='ocrx_word' id='word_1_85' title='bbox 906 1564 987 1622; x_wconf 92' lang='lat' dir='ltr'>non,</span> <span class='ocrx_word' id='word_1_86' title='bbox 1006 1544 1039 1609; x_wconf 91' lang='lat' dir='ltr'>lo</span> <span class='ocrx_word' id='word_1_87' title='bbox 1056 1555 1226 1628; x_wconf 89' lang='lat' dir='ltr'>puotrano</span> <span class='ocrx_word' id='word_1_88' title='bbox 1240 1544 1403 1610; x_wconf 87' lang='lat' dir='ltr'>mandare</span> <span class='ocrx_word' id='word_1_89' title='bbox 1414 1564 1435 1607; x_wconf 92' lang='lat' dir='ltr'>a</span> <span class='ocrx_word' id='word_1_90' title='bbox 1448 1541 1568 1606; x_wconf 87' lang='lat' dir='ltr'>Roma.</span> 
     </span>
    </p>

    <p class='ocr_par' dir='ltr' id='par_1_4' title="bbox 407 1655 1567 1739">
     <span class='ocr_line' id='line_1_11' title="bbox 407 1655 1567 1739; baseline -0.004 -14"><span class='ocrx_word' id='word_1_91' title='bbox 407 1660 486 1725; x_wconf 89' lang='lat' dir='ltr'>Non</span> <span class='ocrx_word' id='word_1_92' title='bbox 502 1660 600 1739; x_wconf 85' lang='lat' dir='ltr'>altro,</span> <span class='ocrx_word' id='word_1_93' title='bbox 618 1678 741 1725; x_wconf 90' lang='lat' dir='ltr'>senon</span> <span class='ocrx_word' id='word_1_94' title='bbox 759 1657 1035 1724; x_wconf 88' lang='lat' dir='ltr'>raccomandarci</span> <span class='ocrx_word' id='word_1_95' title='bbox 1052 1660 1157 1725; x_wconf 89' lang='lat' dir='ltr'>molto</span> <span class='ocrx_word' id='word_1_96' title='bbox 1173 1660 1227 1724; x_wconf 85' lang='lat' dir='ltr'>all&#39;</span> <span class='ocrx_word' id='word_1_97' title='bbox 1245 1656 1389 1725; x_wconf 88' lang='lat' dir='ltr'>orationi</span> <span class='ocrx_word' id='word_1_98' title='bbox 1410 1655 1445 1721; x_wconf 90' lang='lat' dir='ltr'>di</span> <span class='ocrx_word' id='word_1_99' title='bbox 1463 1657 1507 1722; x_wconf 90' lang='lat' dir='ltr'>V.</span> <span class='ocrx_word' id='word_1_100' title='bbox 1526 1656 1567 1721; x_wconf 90' lang='lat' dir='ltr'>R.</span> 
     </span>
    </p>

    <p class='ocr_par' dir='ltr' id='par_1_5' title="bbox 404 1773 1057 1862">
     <span class='ocr_line' id='line_1_12' title="bbox 404 1773 1057 1862; baseline -0.003 -20"><span class='ocrx_word' id='word_1_101' title='bbox 404 1773 462 1842; x_wconf 88' lang='lat' dir='ltr'>Sia</span> <span class='ocrx_word' id='word_1_102' title='bbox 475 1776 560 1862; x_wconf 82' lang='lat' dir='ltr'>Jeslr</span> <span class='ocrx_word' id='word_1_103' title='bbox 576 1773 640 1842; x_wconf 91' lang='lat' dir='ltr'>X.⁰</span> <span class='ocrx_word' id='word_1_104' title='bbox 657 1794 724 1839; x_wconf 88' lang='lat' dir='ltr'>eon</span> <span class='ocrx_word' id='word_1_105' title='bbox 743 1773 823 1840; x_wconf 88' lang='lat' dir='ltr'>tutti</span> <span class='ocrx_word' id='word_1_106' title='bbox 840 1775 910 1841; x_wconf 91' lang='lat' dir='ltr'>noi.</span> <span class='ocrx_word' id='word_1_107' title='bbox 930 1776 1057 1841; x_wconf 83' lang='lat' dir='ltr'>Amen.</span> 
     </span>
    </p>

    <p class='ocr_par' dir='ltr' id='par_1_6' title="bbox 406 1889 1020 1974">
     <span class='ocr_line' id='line_1_13' title="bbox 406 1889 1020 1974; baseline -0.002 -16"><span class='ocrx_word' id='word_1_108' title='bbox 406 1892 460 1958; x_wconf 89' lang='lat' dir='ltr'>De</span> <span class='ocrx_word' id='word_1_109' title='bbox 476 1891 584 1956; x_wconf 87' lang='lat' dir='ltr'>Roma</span> <span class='ocrx_word' id='word_1_110' title='bbox 600 1910 644 1974; x_wconf 83' lang='lat'>30</span> <span class='ocrx_word' id='word_1_111' title='bbox 659 1889 694 1954; x_wconf 94' lang='lat' dir='ltr'>di</span> <span class='ocrx_word' id='word_1_112' title='bbox 711 1891 903 1957; x_wconf 80' lang='lat' dir='ltr'>Decembre</span> <span class='ocrx_word' id='word_1_113' title='bbox 923 1906 1020 1974; x_wconf 86' lang='lat'>1553.</span> 
     </span>
    </p>

    <p class='ocr_par' dir='ltr' id='par_1_7' title="bbox 339 2005 1572 2325">
     <span class='ocr_line' id='line_1_14' title="bbox 407 2005 1571 2087; baseline -0.005 -12"><span class='ocrx_word' id='word_1_114' title='bbox 407 2008 508 2075; x_wconf 91' lang='lat' dir='ltr'>Mtro.</span> <span class='ocrx_word' id='word_1_115' title='bbox 526 2006 689 2087; x_wconf 88' lang='lat' dir='ltr'>Gueric0,</span> <span class='ocrx_word' id='word_1_116' title='bbox 715 2016 832 2073; x_wconf 90' lang='lat' dir='ltr'>nostro</span> <span class='ocrx_word' id='word_1_117' title='bbox 853 2007 998 2087; x_wconf 81' lang='lat' dir='ltr'>fratello,</span> <span class='ocrx_word' id='word_1_118' title='bbox 1022 2028 1134 2074; x_wconf 86' lang='lat' dir='ltr'>morse</span> <span class='ocrx_word' id='word_1_119' title='bbox 1156 2007 1192 2072; x_wconf 89' lang='lat' dir='ltr'>in</span> <span class='ocrx_word' id='word_1_120' title='bbox 1215 2006 1334 2073; x_wconf 87' lang='lat' dir='ltr'>Padua</span> <span class='ocrx_word' id='word_1_121' title='bbox 1355 2024 1455 2071; x_wconf 90' lang='lat' dir='ltr'>como</span> <span class='ocrx_word' id='word_1_122' title='bbox 1479 2005 1571 2069; x_wconf 88' lang='lat' dir='ltr'>buon</span> 
     </span>
     <span class='ocr_line' id='line_1_15' title="bbox 339 2118 1572 2209; baseline -0.003 -21"><span class='ocrx_word' id='word_1_123' title='bbox 339 2144 440 2190; x_wconf 89' lang='lat' dir='ltr'>seruo</span> <span class='ocrx_word' id='word_1_124' title='bbox 463 2123 506 2189; x_wconf 91' lang='lat' dir='ltr'>de</span> <span class='ocrx_word' id='word_1_125' title='bbox 525 2123 604 2203; x_wconf 88' lang='lat' dir='ltr'>Dio,</span> <span class='ocrx_word' id='word_1_126' title='bbox 629 2134 664 2190; x_wconf 88' lang='lat' dir='ltr'>et</span> <span class='ocrx_word' id='word_1_127' title='bbox 687 2122 777 2189; x_wconf 86' lang='lat' dir='ltr'>cossi</span> <span class='ocrx_word' id='word_1_128' title='bbox 799 2144 957 2208; x_wconf 88' lang='lat' dir='ltr'>speramo</span> <span class='ocrx_word' id='word_1_129' title='bbox 977 2123 1008 2188; x_wconf 89' lang='lat' dir='ltr'>ci</span> <span class='ocrx_word' id='word_1_130' title='bbox 1029 2124 1174 2209; x_wconf 85' lang='lat' dir='ltr'>aggiuta</span> <span class='ocrx_word' id='word_1_131' title='bbox 1194 2143 1258 2189; x_wconf 88' lang='lat' dir='ltr'>con</span> <span class='ocrx_word' id='word_1_132' title='bbox 1278 2123 1318 2191; x_wconf 48' lang='lat' dir='ltr'>‘le</span> <span class='ocrx_word' id='word_1_133' title='bbox 1337 2142 1400 2189; x_wconf 89' lang='lat' dir='ltr'>sue</span> <span class='ocrx_word' id='word_1_134' title='bbox 1423 2118 1572 2187; x_wconf 90' lang='lat' dir='ltr'>orationi</span> 
     </span>
     <span class='ocr_line' id='line_1_16' title="bbox 339 2236 1480 2325; baseline -0.002 -22"><span class='ocrx_word' id='word_1_135' title='bbox 339 2238 456 2304; x_wconf 89' lang='lat' dir='ltr'>auanti</span> <span class='ocrx_word' id='word_1_136' title='bbox 472 2239 505 2304; x_wconf 88' lang='lat' dir='ltr'>la</span> <span class='ocrx_word' id='word_1_137' title='bbox 521 2259 584 2305; x_wconf 86' lang='lat' dir='ltr'>sua</span> <span class='ocrx_word' id='word_1_138' title='bbox 599 2238 740 2319; x_wconf 45' lang='lat' dir='ltr'>maest&amp;</span> <span class='ocrx_word' id='word_1_139' title='bbox 756 2260 819 2325; x_wconf 93' lang='lat' dir='ltr'>pur</span> <span class='ocrx_word' id='word_1_140' title='bbox 833 2240 875 2305; x_wconf 93' lang='lat' dir='ltr'>V.</span> <span class='ocrx_word' id='word_1_141' title='bbox 898 2240 938 2307; x_wconf 89' lang='lat' dir='ltr'>R.</span> <span class='ocrx_word' id='word_1_142' title='bbox 959 2240 1023 2307; x_wconf 86' lang='lat' dir='ltr'>laci</span> <span class='ocrx_word' id='word_1_143' title='bbox 1039 2240 1095 2307; x_wconf 90' lang='lat' dir='ltr'>del</span> <span class='ocrx_word' id='word_1_144' title='bbox 1111 2260 1174 2307; x_wconf 87' lang='lat' dir='ltr'>suo</span> <span class='ocrx_word' id='word_1_145' title='bbox 1190 2250 1293 2305; x_wconf 86' lang='lat' dir='ltr'>canto</span> <span class='ocrx_word' id='word_1_146' title='bbox 1311 2238 1335 2303; x_wconf 91' lang='lat' dir='ltr'>il</span> <span class='ocrx_word' id='word_1_147' title='bbox 1351 2236 1480 2305; x_wconf 86' lang='lat' dir='ltr'>debito.</span> 
     </span>
    </p>

    <p class='ocr_par' dir='ltr' id='par_1_8' title="bbox 408 2354 1289 2441">
     <span class='ocr_line' id='line_1_17' title="bbox 408 2354 1289 2441; baseline 0.002 -22"><span class='ocrx_word' id='word_1_148' title='bbox 408 2355 604 2441; x_wconf 77' lang='lat' dir='ltr'>Inscriptio.</span> <span class='ocrx_word' id='word_1_149' title='bbox 626 2358 658 2421; x_wconf 85' lang='lat' dir='ltr'><strong>A</strong></span> <span class='ocrx_word' id='word_1_150' title='bbox 675 2354 852 2437; x_wconf 88' lang='lat' dir='ltr'>Fiorenza,</span> <span class='ocrx_word' id='word_1_151' title='bbox 866 2355 900 2423; x_wconf 89' lang='lat' dir='ltr'>al</span> <span class='ocrx_word' id='word_1_152' title='bbox 917 2358 958 2422; x_wconf 91' lang='lat' dir='ltr'>P.</span> <span class='ocrx_word' id='word_1_153' title='bbox 978 2358 1079 2423; x_wconf 91' lang='lat' dir='ltr'>Mtro.</span> <span class='ocrx_word' id='word_1_154' title='bbox 1103 2355 1289 2423; x_wconf 79' lang='lat' dir='ltr'>Lodouico,</span> 
     </span>
    </p>
   </div>
   <div class='ocr_carea' id='block_1_3' title="bbox 588 2536 1306 2737">
    <p class='ocr_par' dir='ltr' id='par_1_9' title="bbox 588 2536 1306 2737">
     <span class='ocr_line' id='line_1_18' title="bbox 909 2536 1015 2616; baseline 0.009 -1"><span class='ocrx_word' id='word_1_155' title='bbox 909 2536 1015 2616; x_wconf 82' lang='lat'>4⁰23</span> 
     </span>
     <span class='ocr_line' id='line_1_19' title="bbox 588 2628 1306 2737; baseline -0.004 -2"><span class='ocrx_word' id='word_1_156' title='bbox 588 2670 728 2736; x_wconf 69' lang='lat' dir='ltr'>Parni</span> <span class='ocrx_word' id='word_1_157' title='bbox 752 2670 974 2737; x_wconf 73' lang='lat' dir='ltr'>nnannro</span> <span class='ocrx_word' id='word_1_158' title='bbox 999 2628 1306 2735; x_wconf 75' lang='lat' dir='ltr'>Fannnnrnnsr</span> 
     </span>
    </p>
   </div>
   <div class='ocr_carea' id='block_1_4' title="bbox 730 2792 1202 2864">
    <p class='ocr_par' dir='ltr' id='par_1_10' title="bbox 730 2792 1202 2864">
     <span class='ocr_line' id='line_1_20' title="bbox 730 2792 1202 2864; baseline -0.004 -14"><span class='ocrx_word' id='word_1_159' title='bbox 730 2807 817 2851; x_wconf 74' lang='lat' dir='ltr'>noun</span> <span class='ocrx_word' id='word_1_160' title='bbox 837 2793 872 2849; x_wconf 88' lang='lat'>30</span> <span class='ocrx_word' id='word_1_161' title='bbox 891 2806 1071 2849; x_wconf 80' lang='lat' dir='ltr'>nncnunnrs</span> <span class='ocrx_word' id='word_1_162' title='bbox 1093 2792 1162 2864; x_wconf 83' lang='lat'>1553</span> <span class='ocrx_word' id='word_1_163' title='bbox 1182 2796 1202 2848; x_wconf 84' lang='lat'>¹.</span> 
     </span>
    </p>
   </div>
   <div class='ocr_carea' id='block_1_5' title="bbox 339 2926 1579 3181">
    <p class='ocr_par' dir='ltr' id='par_1_11' title="bbox 339 2926 1579 3181">
     <span class='ocr_line' id='line_1_21' title="bbox 339 2926 1578 2998; baseline -0.001 -18"><span class='ocrx_word' id='word_1_164' title='bbox 339 2926 517 2981; x_wconf 83' lang='lat' dir='ltr'>Ambrosius</span> <span class='ocrx_word' id='word_1_165' title='bbox 530 2930 570 2983; x_wconf 86' lang='lat' dir='ltr'>ad</span> <span class='ocrx_word' id='word_1_166' title='bbox 582 2929 758 2985; x_wconf 75' lang='lat' dir='ltr'>saecularia</span> <span class='ocrx_word' id='word_1_167' title='bbox 771 2935 873 2985; x_wconf 85' lang='lat' dir='ltr'>castra</span> <span class='ocrx_word' id='word_1_168' title='bbox 888 2930 994 2985; x_wconf 81' lang='lat' dir='ltr'>rediit.</span> <span class='ocrx_word' id='word_1_169' title='bbox 1003 2930 1186 2984; x_wconf 80' lang='lat' dir='ltr'>-Famulus</span> <span class='ocrx_word' id='word_1_170' title='bbox 1197 2929 1389 2994; x_wconf 74' lang='lat' dir='ltr'>adhibeatur,</span> <span class='ocrx_word' id='word_1_171' title='bbox 1403 2928 1456 2997; x_wconf 82' lang='lat' dir='ltr'>qui</span> <span class='ocrx_word' id='word_1_172' title='bbox 1467 2940 1578 2998; x_wconf 80' lang='lat' dir='ltr'>coquus</span> 
     </span>
     <span class='ocr_line' id='line_1_22' title="bbox 393 3014 1579 3091; baseline -0.001 -21"><span class='ocrx_word' id='word_1_173' title='bbox 393 3020 421 3070; x_wconf 77' lang='lat' dir='ltr'>et</span> <span class='ocrx_word' id='word_1_174' title='bbox 434 3017 595 3073; x_wconf 78' lang='lat' dir='ltr'>obsonator</span> <span class='ocrx_word' id='word_1_175' title='bbox 612 3018 663 3073; x_wconf 86' lang='lat' dir='ltr'>sit:</span> <span class='ocrx_word' id='word_1_176' title='bbox 680 3019 826 3091; x_wconf 80' lang='lat' dir='ltr'>magistri</span> <span class='ocrx_word' id='word_1_177' title='bbox 847 3018 917 3073; x_wconf 84' lang='lat' dir='ltr'>istis</span> <span class='ocrx_word' id='word_1_178' title='bbox 933 3019 1178 3090; x_wconf 77' lang='lat' dir='ltr'>occupationibus</span> <span class='ocrx_word' id='word_1_179' title='bbox 1196 3036 1256 3073; x_wconf 81' lang='lat' dir='ltr'>non</span> <span class='ocrx_word' id='word_1_180' title='bbox 1274 3014 1579 3073; x_wconf 59' lang='lat' dir='ltr'>dirimatur-De</span> 
     </span>
     <span class='ocr_line' id='line_1_23' title="bbox 393 3105 1576 3181; baseline -0.001 -23"><span class='ocrx_word' id='word_1_181' title='bbox 393 3105 538 3161; x_wconf 69' lang='lat' dir='ltr'>Michatle</span> <span class='ocrx_word' id='word_1_182' title='bbox 559 3106 669 3181; x_wconf 80' lang='lat' dir='ltr'>Vignas</span> <span class='ocrx_word' id='word_1_183' title='bbox 680 3113 709 3163; x_wconf 82' lang='lat' dir='ltr'>et</span> <span class='ocrx_word' id='word_1_184' title='bbox 723 3107 848 3165; x_wconf 78' lang='lat' dir='ltr'>Simone</span> <span class='ocrx_word' id='word_1_185' title='bbox 863 3108 1104 3167; x_wconf 74' lang='lat' dir='ltr'>Hortata-Pro</span> <span class='ocrx_word' id='word_1_186' title='bbox 1117 3106 1269 3164; x_wconf 82' lang='lat' dir='ltr'>Guerrt&#39;co</span> <span class='ocrx_word' id='word_1_187' title='bbox 1276 3106 1576 3179; x_wconf 77' lang='lat' dir='ltr'>preccsfunduntur.</span> 
     </span>
    </p>
   </div>
   <div class='ocr_carea' id='block_1_6' title="bbox 394 3202 1317 3278">
    <p class='ocr_par' dir='ltr' id='par_1_12' title="bbox 394 3202 1317 3278">
     <span class='ocr_line' id='line_1_24' title="bbox 394 3202 1317 3278; baseline 0.001 -19"><span class='ocrx_word' id='word_1_188' title='bbox 394 3202 565 3259; x_wconf 77' lang='lat' dir='ltr'>-Litterae</span> <span class='ocrx_word' id='word_1_189' title='bbox 578 3210 606 3261; x_wconf 83' lang='lat' dir='ltr'>et</span> <span class='ocrx_word' id='word_1_190' title='bbox 619 3206 761 3260; x_wconf 83' lang='lat' dir='ltr'>carmina</span> <span class='ocrx_word' id='word_1_191' title='bbox 781 3206 929 3278; x_wconf 73' lang='lat' dir='ltr'>Viperani</span> <span class='ocrx_word' id='word_1_192' title='bbox 941 3208 974 3261; x_wconf 84' lang='lat' dir='ltr'>in</span> <span class='ocrx_word' id='word_1_193' title='bbox 989 3206 1129 3262; x_wconf 82' lang='lat' dir='ltr'>Siciliam</span> <span class='ocrx_word' id='word_1_194' title='bbox 1145 3209 1317 3261; x_wconf 76' lang='lat' dir='ltr'>mittentur.</span> 
     </span>
    </p>
   </div>
   <div class='ocr_carea' id='block_1_7' title="bbox 344 3340 1584 4123">
    <p class='ocr_par' dir='ltr' id='par_1_13' title="bbox 410 3340 554 3410">
     <span class='ocr_line' id='line_1_25' title="bbox 410 3340 554 3410; baseline 0.021 -5"><span class='ocrx_word' id='word_1_195' title='bbox 410 3340 484 3406; x_wconf 84' lang='lat' dir='ltr'>Pax</span> <span class='ocrx_word' id='word_1_196' title='bbox 498 3340 554 3410; x_wconf 55' lang='lat' dir='ltr'>X}</span> 
     </span>
    </p>

    <p class='ocr_par' dir='ltr' id='par_1_14' title="bbox 344 3454 1584 4123">
     <span class='ocr_line' id='line_1_26' title="bbox 411 3454 1579 3541; baseline -0.002 -18"><span class='ocrx_word' id='word_1_197' title='bbox 411 3454 450 3523; x_wconf 90' lang='lat' dir='ltr'>L&#39;</span> <span class='ocrx_word' id='word_1_198' title='bbox 467 3456 586 3524; x_wconf 88' lang='lat' dir='ltr'>ultime</span> <span class='ocrx_word' id='word_1_199' title='bbox 603 3458 636 3524; x_wconf 92' lang='lat' dir='ltr'>di</span> <span class='ocrx_word' id='word_1_200' title='bbox 655 3460 697 3525; x_wconf 91' lang='lat' dir='ltr'>V.</span> <span class='ocrx_word' id='word_1_201' title='bbox 718 3460 760 3527; x_wconf 88' lang='lat' dir='ltr'>R.</span> <span class='ocrx_word' id='word_1_202' title='bbox 778 3480 863 3525; x_wconf 90' lang='lat' dir='ltr'>sono</span> <span class='ocrx_word' id='word_1_203' title='bbox 879 3458 914 3525; x_wconf 93' lang='lat' dir='ltr'>di</span> <span class='ocrx_word' id='word_1_204' title='bbox 932 3476 964 3541; x_wconf 86' lang='lat'>5,</span> <span class='ocrx_word' id='word_1_205' title='bbox 987 3478 1025 3527; x_wconf 85' lang='lat'>12</span> <span class='ocrx_word' id='word_1_206' title='bbox 1043 3462 1085 3527; x_wconf 90' lang='lat' dir='ltr'>de</span> <span class='ocrx_word' id='word_1_207' title='bbox 1101 3459 1304 3528; x_wconf 85' lang='lat' dir='ltr'>Decembre.</span> <span class='ocrx_word' id='word_1_208' title='bbox 1326 3460 1368 3524; x_wconf 88' lang='lat' dir='ltr'>Et</span> <span class='ocrx_word' id='word_1_209' title='bbox 1386 3457 1475 3524; x_wconf 90' lang='lat' dir='ltr'>circa</span> <span class='ocrx_word' id='word_1_210' title='bbox 1495 3459 1579 3524; x_wconf 84' lang='lat' dir='ltr'>Am·</span> 
     </span>
     <span class='ocr_line' id='line_1_27' title="bbox 344 3572 1580 3661; baseline -0.001 -23"><span class='ocrx_word' id='word_1_211' title='bbox 344 3572 469 3639; x_wconf 86' lang='lat' dir='ltr'>broxio</span> <span class='ocrx_word' id='word_1_212' title='bbox 487 3574 499 3607; x_wconf 85' lang='lat'><strong>¹</strong></span> <span class='ocrx_word' id='word_1_213' title='bbox 517 3595 585 3639; x_wconf 91' lang='lat' dir='ltr'>non</span> <span class='ocrx_word' id='word_1_214' title='bbox 602 3575 765 3642; x_wconf 79' lang='lat' dir='ltr'>accadera</span> <span class='ocrx_word' id='word_1_215' title='bbox 783 3578 951 3661; x_wconf 86' lang='lat' dir='ltr'>aspetarlo</span> <span class='ocrx_word' id='word_1_216' title='bbox 966 3576 1161 3645; x_wconf 85' lang='lat' dir='ltr'>altrimenti:</span> <span class='ocrx_word' id='word_1_217' title='bbox 1180 3576 1229 3641; x_wconf 88' lang='lat' dir='ltr'>lui</span> <span class='ocrx_word' id='word_1_218' title='bbox 1243 3579 1264 3641; x_wconf 77' lang='grc' dir='ltr'>ὁ</span> <span class='ocrx_word' id='word_1_219' title='bbox 1276 3586 1412 3642; x_wconf 89' lang='lat' dir='ltr'>tornato</span> <span class='ocrx_word' id='word_1_220' title='bbox 1423 3576 1457 3640; x_wconf 87' lang='lat' dir='ltr'>al</span> <span class='ocrx_word' id='word_1_221' title='bbox 1468 3572 1580 3641; x_wconf 88' lang='lat' dir='ltr'>serui-</span> 
     </span>
     <span class='ocr_line' id='line_1_28' title="bbox 349 3688 1580 3779; baseline 0.003 -26"><span class='ocrx_word' id='word_1_222' title='bbox 349 3688 396 3755; x_wconf 87' lang='lat' dir='ltr'>tio</span> <span class='ocrx_word' id='word_1_223' title='bbox 412 3690 466 3757; x_wconf 92' lang='lat' dir='ltr'>del</span> <span class='ocrx_word' id='word_1_224' title='bbox 483 3692 622 3759; x_wconf 90' lang='lat' dir='ltr'>mondo.</span> <span class='ocrx_word' id='word_1_225' title='bbox 640 3691 709 3779; x_wconf 80' lang='lat' dir='ltr'>Diq</span> <span class='ocrx_word' id='word_1_226' title='bbox 723 3690 745 3756; x_wconf 92' lang='lat' dir='ltr'>li</span> <span class='ocrx_word' id='word_1_227' title='bbox 762 3690 817 3757; x_wconf 88' lang='lat' dir='ltr'>dia</span> <span class='ocrx_word' id='word_1_228' title='bbox 833 3692 943 3776; x_wconf 82' lang='lat' dir='ltr'>gratia</span> <span class='ocrx_word' id='word_1_229' title='bbox 956 3692 998 3758; x_wconf 91' lang='lat' dir='ltr'>de</span> <span class='ocrx_word' id='word_1_230' title='bbox 1011 3692 1165 3759; x_wconf 85' lang='lat' dir='ltr'>saluarsi.</span> <span class='ocrx_word' id='word_1_231' title='bbox 1183 3693 1226 3759; x_wconf 91' lang='lat' dir='ltr'>V.</span> <span class='ocrx_word' id='word_1_232' title='bbox 1244 3694 1299 3773; x_wconf 90' lang='lat' dir='ltr'>R.,</span> <span class='ocrx_word' id='word_1_233' title='bbox 1313 3712 1412 3759; x_wconf 90' lang='lat' dir='ltr'>como</span> <span class='ocrx_word' id='word_1_234' title='bbox 1423 3691 1482 3777; x_wconf 73' lang='lat' dir='ltr'>gia</span> <span class='ocrx_word' id='word_1_235' title='bbox 1494 3712 1580 3777; x_wconf 85' lang='lat' dir='ltr'>pen-</span> 
     </span>
     <span class='ocr_line' id='line_1_29' title="bbox 347 3806 1584 3894; baseline 0.001 -23"><span class='ocrx_word' id='word_1_236' title='bbox 347 3825 386 3871; x_wconf 88' lang='lat' dir='ltr'>so</span> <span class='ocrx_word' id='word_1_237' title='bbox 403 3808 511 3873; x_wconf 81' lang='lat' dir='ltr'>hauet</span> <span class='ocrx_word' id='word_1_238' title='bbox 528 3806 659 3886; x_wconf 90' lang='lat' dir='ltr'>scritto,</span> <span class='ocrx_word' id='word_1_239' title='bbox 680 3806 762 3893; x_wconf 84' lang='lat' dir='ltr'>pigli</span> <span class='ocrx_word' id='word_1_240' title='bbox 780 3828 848 3872; x_wconf 91' lang='lat' dir='ltr'>uno</span> <span class='ocrx_word' id='word_1_241' title='bbox 864 3828 926 3893; x_wconf 90' lang='lat' dir='ltr'>per</span> <span class='ocrx_word' id='word_1_242' title='bbox 941 3808 965 3872; x_wconf 89' lang='lat' dir='ltr'>il</span> <span class='ocrx_word' id='word_1_243' title='bbox 981 3830 1045 3873; x_wconf 90' lang='lat' dir='ltr'>suo</span> <span class='ocrx_word' id='word_1_244' title='bbox 1061 3807 1196 3888; x_wconf 86' lang='lat' dir='ltr'>salario,</span> <span class='ocrx_word' id='word_1_245' title='bbox 1215 3808 1239 3873; x_wconf 89' lang='lat' dir='ltr'>il</span> <span class='ocrx_word' id='word_1_246' title='bbox 1255 3809 1356 3893; x_wconf 87' lang='lat' dir='ltr'>quale</span> <span class='ocrx_word' id='word_1_247' title='bbox 1371 3828 1473 3894; x_wconf 85' lang='lat' dir='ltr'>possa</span> <span class='ocrx_word' id='word_1_248' title='bbox 1489 3808 1540 3873; x_wconf 85' lang='lat' dir='ltr'>far</span> <span class='ocrx_word' id='word_1_249' title='bbox 1551 3809 1584 3873; x_wconf 89' lang='lat' dir='ltr'>la</span> 
     </span>
     <span class='ocr_line' id='line_1_30' title="bbox 348 3919 1582 4011; baseline 0.005 -27"><span class='ocrx_word' id='word_1_250' title='bbox 348 3919 469 3986; x_wconf 91' lang='lat' dir='ltr'>cocina</span> <span class='ocrx_word' id='word_1_251' title='bbox 486 3932 521 3986; x_wconf 92' lang='lat' dir='ltr'>et</span> <span class='ocrx_word' id='word_1_252' title='bbox 537 3923 716 4007; x_wconf 75' lang='lat' dir='ltr'>spendore,</span> <span class='ocrx_word' id='word_1_253' title='bbox 735 3946 773 3989; x_wconf 90' lang='lat' dir='ltr'>se</span> <span class='ocrx_word' id='word_1_254' title='bbox 789 3923 817 3988; x_wconf 89' lang='lat' dir='ltr'>si</span> <span class='ocrx_word' id='word_1_255' title='bbox 833 3924 903 4008; x_wconf 74' lang='lat' dir='ltr'>pua</span> <span class='ocrx_word' id='word_1_256' title='bbox 921 3934 1057 3991; x_wconf 88' lang='lat' dir='ltr'>trouare</span> <span class='ocrx_word' id='word_1_257' title='bbox 1069 3924 1206 4006; x_wconf 87' lang='lat' dir='ltr'>idoneo,</span> <span class='ocrx_word' id='word_1_258' title='bbox 1224 3935 1259 3991; x_wconf 89' lang='lat' dir='ltr'>et</span> <span class='ocrx_word' id='word_1_259' title='bbox 1275 3945 1346 3991; x_wconf 92' lang='lat' dir='ltr'>non</span> <span class='ocrx_word' id='word_1_260' title='bbox 1363 3936 1468 4011; x_wconf 81' lang='lat' dir='ltr'>tanga</span> <span class='ocrx_word' id='word_1_261' title='bbox 1479 3945 1582 3990; x_wconf 87' lang='lat' dir='ltr'>occu·</span> 
     </span>
     <span class='ocr_line' id='line_1_31' title="bbox 347 4034 1582 4123; baseline 0.002 -20"><span class='ocrx_word' id='word_1_262' title='bbox 347 4034 418 4121; x_wconf 89' lang='lat' dir='ltr'>pati</span> <span class='ocrx_word' id='word_1_263' title='bbox 436 4036 543 4102; x_wconf 86' lang='lat' dir='ltr'>nostri</span> <span class='ocrx_word' id='word_1_264' title='bbox 560 4036 681 4103; x_wconf 85' lang='lat' dir='ltr'>fratelli</span> <span class='ocrx_word' id='word_1_265' title='bbox 697 4038 733 4103; x_wconf 90' lang='lat' dir='ltr'>in</span> <span class='ocrx_word' id='word_1_266' title='bbox 749 4049 871 4123; x_wconf 88' lang='lat' dir='ltr'>questo</span> <span class='ocrx_word' id='word_1_267' title='bbox 888 4038 1088 4120; x_wconf 87' lang='lat' dir='ltr'>ministerio;</span> <span class='ocrx_word' id='word_1_268' title='bbox 1107 4051 1142 4108; x_wconf 91' lang='lat' dir='ltr'>et</span> <span class='ocrx_word' id='word_1_269' title='bbox 1159 4050 1256 4106; x_wconf 84' lang='lat' dir='ltr'>tanto</span> <span class='ocrx_word' id='word_1_270' title='bbox 1272 4060 1406 4121; x_wconf 86' lang='lat' dir='ltr'>manen,</span> <span class='ocrx_word' id='word_1_271' title='bbox 1421 4060 1582 4107; x_wconf 90' lang='lat' dir='ltr'>accomo-</span> 
     </span>
    </p>
   </div>
   <div class='ocr_carea' id='block_1_8' title="bbox 351 4186 546 4195">
    <p class='ocr_par' dir='ltr' id='par_1_15' title="bbox 351 4186 546 4195">
     <span class='ocr_line' id='line_1_32' title="bbox 351 4186 546 4195; baseline 0.01 -2"><span class='ocrx_word' id='word_1_272' title='bbox 351 4186 546 4195; x_wconf 71' lang='lat'>———----..</span> 
     </span>
    </p>
   </div>
   <div class='ocr_carea' id='block_1_9' title="bbox 374 4244 1263 4435">
    <p class='ocr_par' dir='ltr' id='par_1_16' title="bbox 374 4244 1263 4435">
     <span class='ocr_line' id='line_1_33' title="bbox 374 4244 1120 4331; baseline 0.009 -8"><span class='ocrx_word' id='word_1_273' title='bbox 374 4244 379 4247; x_wconf 34' lang='grc'><em>”</em></span> <span class='ocrx_word' id='word_1_274' title='bbox 404 4274 413 4303; x_wconf 77' lang='lat'>¹</span> <span class='ocrx_word' id='word_1_275' title='bbox 452 4268 575 4326; x_wconf 69' lang='lat' dir='ltr'>Cosmus</span> <span class='ocrx_word' id='word_1_276' title='bbox 590 4272 740 4329; x_wconf 87' lang='lat' dir='ltr'>llediceus</span> <span class='ocrx_word' id='word_1_277' title='bbox 754 4281 785 4327; x_wconf 91' lang='lat' dir='ltr'>et</span> <span class='ocrx_word' id='word_1_278' title='bbox 799 4274 943 4328; x_wconf 87' lang='lat' dir='ltr'>Elennora</span> <span class='ocrx_word' id='word_1_279' title='bbox 956 4273 993 4328; x_wconf 86' lang='lat' dir='ltr'>de</span> <span class='ocrx_word' id='word_1_280' title='bbox 1004 4275 1120 4331; x_wconf 87' lang='lat' dir='ltr'>Toleto.</span> 
     </span>
     <span class='ocr_line' id='line_1_34' title="bbox 403 4360 1263 4435; baseline 0.008 -23"><span class='ocrx_word' id='word_1_281' title='bbox 403 4366 414 4393; x_wconf 81' lang='lat'>¹</span> <span class='ocrx_word' id='word_1_282' title='bbox 451 4360 580 4429; x_wconf 83' lang='lat' dir='ltr'>Joannes</span> <span class='ocrx_word' id='word_1_283' title='bbox 592 4360 766 4416; x_wconf 85' lang='lat' dir='ltr'>Alvarezius</span> <span class='ocrx_word' id='word_1_284' title='bbox 776 4362 813 4416; x_wconf 90' lang='lat' dir='ltr'>de</span> <span class='ocrx_word' id='word_1_285' title='bbox 824 4362 941 4432; x_wconf 86' lang='lat' dir='ltr'>Toleto,</span> <span class='ocrx_word' id='word_1_286' title='bbox 956 4363 1117 4418; x_wconf 86' lang='lat' dir='ltr'>Eleonorae</span> <span class='ocrx_word' id='word_1_287' title='bbox 1130 4374 1263 4435; x_wconf 86' lang='lat' dir='ltr'>patruus.</span> 
     </span>
    </p>
   </div>
   <div class='ocr_carea' id='block_1_10' title="bbox 407 4503 943 4579">
    <p class='ocr_par' dir='ltr' id='par_1_17' title="bbox 407 4503 943 4579">
     <span class='ocr_line' id='line_1_35' title="bbox 407 4503 943 4579; baseline 0.011 -23"><span class='ocrx_word' id='word_1_288' title='bbox 407 4504 414 4537; x_wconf 84' lang='lat'><em>¹</em></span> <span class='ocrx_word' id='word_1_289' title='bbox 453 4504 497 4557; x_wconf 81' lang='lat' dir='ltr'>Ex</span> <span class='ocrx_word' id='word_1_290' title='bbox 510 4503 611 4559; x_wconf 89' lang='lat' dir='ltr'>codice</span> <span class='ocrx_word' id='word_1_291' title='bbox 626 4506 745 4579; x_wconf 85' lang='lat' dir='ltr'>Regest.</span> <span class='ocrx_word' id='word_1_292' title='bbox 761 4508 802 4571; x_wconf 85' lang='lat' dir='ltr'>ll,</span> <span class='ocrx_word' id='word_1_293' title='bbox 817 4506 867 4565; x_wconf 83' lang='lat' dir='ltr'>iol.</span> <span class='ocrx_word' id='word_1_294' title='bbox 883 4520 943 4563; x_wconf 72' lang='lat' dir='ltr'>zar.</span> 
     </span>
    </p>
   </div>
   <div class='ocr_carea' id='block_1_11' title="bbox 354 4594 1583 4737">
    <p class='ocr_par' dir='ltr' id='par_1_18' title="bbox 354 4594 1583 4737">
     <span class='ocr_line' id='line_1_36' title="bbox 404 4594 1583 4671; baseline 0.005 -24"><span class='ocrx_word' id='word_1_295' title='bbox 404 4595 416 4627; x_wconf 79' lang='lat'><strong>¹</strong></span> <span class='ocrx_word' id='word_1_296' title='bbox 453 4594 498 4647; x_wconf 91' lang='lat' dir='ltr'>De</span> <span class='ocrx_word' id='word_1_297' title='bbox 519 4594 573 4648; x_wconf 89' lang='lat' dir='ltr'>hoc</span> <span class='ocrx_word' id='word_1_298' title='bbox 589 4594 700 4665; x_wconf 88' lang='lat' dir='ltr'>juvene</span> <span class='ocrx_word' id='word_1_299' title='bbox 720 4614 809 4668; x_wconf 85' lang='lat' dir='ltr'>saepe</span> <span class='ocrx_word' id='word_1_300' title='bbox 827 4606 925 4652; x_wconf 86' lang='lat' dir='ltr'>actum</span> <span class='ocrx_word' id='word_1_301' title='bbox 946 4608 992 4651; x_wconf 88' lang='lat' dir='ltr'>est</span> <span class='ocrx_word' id='word_1_302' title='bbox 1010 4598 1040 4652; x_wconf 87' lang='lat' dir='ltr'>in</span> <span class='ocrx_word' id='word_1_303' title='bbox 1057 4598 1259 4670; x_wconf 83' lang='lat' dir='ltr'>superioribus</span> <span class='ocrx_word' id='word_1_304' title='bbox 1278 4598 1412 4671; x_wconf 88' lang='lat' dir='ltr'>epistolis</span> <span class='ocrx_word' id='word_1_305' title='bbox 1430 4599 1467 4653; x_wconf 88' lang='lat' dir='ltr'>ad</span> <span class='ocrx_word' id='word_1_306' title='bbox 1484 4600 1583 4655; x_wconf 84' lang='lat' dir='ltr'>Ferra-</span> 
     </span>
     <span class='ocr_line' id='line_1_37' title="bbox 354 4698 495 4737; baseline 0 0"><span class='ocrx_word' id='word_1_307' title='bbox 354 4698 495 4737; x_wconf 86' lang='lat' dir='ltr'>nensenr.</span> 
     </span>
    </p>
   </div>
   <div class='ocr_carea' id='block_1_12' title="bbox 0 0 1802 5409">
    <p class='ocr_par' dir='ltr' id='par_1_19' title="bbox 0 0 1802 5409">
     <span class='ocr_line' id='line_1_38' title="bbox 0 0 1802 5409; baseline 0 0"><span class='ocrx_word' id='word_1_308' title='bbox 0 0 1802 5409; x_wconf 95' lang='lat' dir='ltr'> </span> 
     </span>
    </p>
   </div>
  </div>
 </body>
</html>
