3567 5409
429 522 484 576 062
801 524 1014 579 Mononen'ra
1037 522 1216 577 lonnrrnxa

397 676 508 745 eidem
525 679 623 744 ano.
645 676 737 743 Patri
755 676 869 763 priori,
888 688 970 761 agat
987 698 1115 760 quaeso
1132 676 1295 754 officiose,
1319 689 1356 739 ut
1377 677 1485 752 decet,
1510 676 1603 740 Patris

397 791 503 859 nostri
521 803 555 859 et
571 792 707 878 collegii
723 806 757 859 et
774 793 898 857 domus
916 802 1051 859 nostrae
1068 790 1220 859 nomine.

466 911 593 975 Rornae
609 907 760 975 calendis
778 908 857 992 Maji
880 927 917 991 15
923 908 976 991 54:

464 1025 697 1090 Desideralur
713 1025 904 1109 inscriptio.
1001 1035 1003 1039 ’

965 1178 1059 1257 4418

433 1326 728 1395 RECTORlBUS
744 1326 1087 1395 COLLEGIORUM
1106 1328 1209 1395 SOC.
1229 1328 1338 1415 JESU
1356 1328 1417 1393 EX
1435 1328 1576 1395 COMM.

840 1472 929 1514 noni
949 1472 959 1512 1
982 1472 1050 1525 narr
1073 1472 1141 1529 1554
1161 1462 1181 1514 ¹.

404 1590 535 1647 Litterae
548 1592 683 1649 nuntiae.
694 1594 769 1649 -De
783 1594 901 1663 Ignatii
912 1593 1121 1665 sociorumque
1135 1610 1333 1649 romanorum
1346 1593 1610 1648 valetudine-Nn·

453 1698 556 1736 nanus
567 1684 718 1738 sociorum
733 1684 768 1737 in
785 1684 865 1741 Urbe
876 1682 1220 1755 ‹ingenitium-Eorum
1234 1682 1474 1739 exercitationes.
1511 1682 1551 1737 De
1562 1682 1611 1736 col·

453 1770 533 1841 legio
557 1790 684 1825 romano
702 1777 730 1826 et
748 1773 978 1843 germanico.»
992 1774 1035 1826 De
1054 1772 1216 1827 sodalitate
1239 1774 1297 1830 Sti.
1324 1773 1462 1842 Sepulcri
1482 1777 1564 1841 nique
1582 1772 1612 1823 sle

454 1862 551 1913 trium
573 1861 771 1931 collegiorum
791 1862 1078 1919 institutione—lle
1103 1862 1212 1916 Lainio
1227 1867 1257 1917 et
1274 1862 1361 1916 relius
1378 1863 1416 1914 uh
1433 1861 1484 1915 illo
1502 1858 1612 1914 Gerruoe

455 1950 526 2004 bene
536 1948 725 2023 gestis-De
738 1953 826 2006 rebus
837 1951 1095 2021 ferrariensibus:
1113 1951 1229 2015 fructus
1247 1970 1266 2004 n
1286 1951 1451 2005 Pelletario
1463 1953 1613 2022 percellas:

454 2039 606 2093 sociorum
616 2040 736 2094 colonia
747 2042 918 2112 Argentum
929 2042 1067 2097 deducta.
1077 2070 1099 2080 -
1108 2042 1151 2095 De
1162 2040 1350 2094 Salnreronis
1359 2038 1542 2094 concionibus
1550 2036 1613 2092 Nee·

452 2128 517 2199 soli
528 2129 650 2197 habilis,
663 2131 758 2201 (leque
770 2131 898 2203 collegio
911 2130 1228 2201 nicopolitano-Alia
1246 2130 1374 2200 collegia
1393 2129 1426 2183 in
1440 2128 1555 2193 Sicilia,
1568 2128 1613 2180 Po·

455 2219 540 2271 lonio
556 2224 584 2272 et
607 2218 832 2289 Trhnsylvnnia
848 2219 1129 2291 Ματιήνη-ἢκ
1146 2214 1300 2290 Hispania
1319 2219 1389 2273 boni
1406 2219 1504 2272 nuntii
1521 2222 1546 2271 et
1561 2235 1614 2269 ma·

452 2324 552 2378 gnrrm
567 2308 678 2364 ibidem
690 2308 847 2364 societatis
856 2308 1264 2382 inernnrentum.-Angliae
1273 2308 1399 2381 reginae
1413 2311 1453 2361 orl
1461 2306 1613 2377 pontificem

452 2397 610 2468 piissimos
624 2398 754 2453 litterae.

474 2534 546 2599 Pax
563 2533 703 2600 Christi.

472 2649 610 2734 Quello,
628 2651 693 2716 che
708 2651 741 2715 la
759 2652 794 2714 lt.
814 2652 858 2718 V.
878 2650 978 2716 norro
996 2648 1123 2716 sentire
1138 2649 1227 2717 delle
1243 2670 1323 2717 cose
1340 2663 1475 2728 nostre,
1493 2668 1615 2733 persua

405 2764 638 2830 consolatione
654 2764 729 2831 diro
746 2764 781 2829 in
798 2766 916 2832 breue.

472 2881 600 2945 Nostro
618 2880 728 2945 Padre
746 2882 847 2946 Mtro.
863 2880 997 2965 Ignatio
1010 2892 1062 2946 sta
1079 2880 1165 2947 assai
1184 2880 1283 2955 bene,
1298 2892 1522 2963 quantunque
1538 2876 1617 2943 lu'ret

407 2994 502 3059 molti
526 2995 602 3059 altri
626 2996 714 3062 della
738 3016 817 3061 casa
839 3007 872 3062 et
893 2996 1041 3081 collegio
1062 3009 1179 3061 nostro
1195 3018 1232 3063 se
1250 2996 1348 3061 siano
1364 2994 1497 3059 amalati
1521 2990 1614 3077 questi

405 3110 451 3190 di;
472 3131 534 3193 pur
551 3111 582 3175 la
599 3109 757 3195 maggior
773 3123 870 3196 parte
887 3110 995 3195 peria
1011 3109 1128 3176 diuina
1144 3110 1256 3197 gratia
1272 3122 1397 3177 stanno
1413 3111 1511 3175 bene.

472 3226 571 3291 Nella
598 3246 678 3291 casa
700 3237 735 3292 et
755 3226 891 3312 collegii
920 3227 963 3292 de
986 3226 1092 3291 Roma
1115 3225 1222 3291 siamo
1243 3226 1301 3311 pih
1323 3226 1366 3293 de
1392 3244 1454 3291 120
1475 3244 1613 3309 persone,

405 3361 508 3406 sanza
537 3340 558 3404 il
582 3343 728 3425 collegio
750 3342 829 3409 delli
853 3340 1027 3422 tudeschi;
1046 3356 1080 3409 et
1103 3342 1158 3409 nel
1178 3353 1297 3407 nostro
1318 3340 1466 3427 collegio
1486 3362 1566 3406 sono
1581 3337 1615 3403 66

405 3455 439 3519 d’
455 3454 536 3541 ogni
553 3456 706 3538 natione,
720 3456 827 3523 buoni
841 3456 1009 3543 suppositi
1027 3478 1087 3543 per
1098 3458 1121 3522 il
1137 3456 1256 3523 diuino
1271 3456 1426 3536 seruitio;
1445 3470 1480 3523 et
1496 3456 1517 3520 li
1529 3450 1614 3519 studii

406 3592 523 3637 uanno
538 3587 667 3656 quanto
684 3573 772 3638 caldi
791 3593 941 3658 possono
953 3585 979 3652 ⁸,
994 3562 1188 3667 aiutandosi
1199 3573 1259 3659 piri
1275 3575 1339 3639 che
1357 3573 1424 3639 mai
1440 3573 1463 3636 li
1475 3566 1614 3644 scholari,

407 3708 474 3751 non
493 3687 682 3756 solamente
699 3690 786 3756 nelle
802 3690 936 3768 lettere,
957 3712 1010 3755 ma
1028 3688 1130 3757 etiam
1149 3689 1238 3756 nelle
1255 3693 1367 3769 uerth3
1382 3710 1452 3755 non
1469 3688 1615 3753 solamen·

406 3813 439 3868 te
455 3801 477 3865 li
497 3803 621 3881 hostii,
642 3826 696 3869 ma
717 3804 819 3870 etiam
840 3804 861 3869 li
881 3804 1064 3885 forastieri,
1088 3802 1180 3888 quali
1203 3825 1364 3889 vengono
1381 3802 1395 3842 ¹>
1412 3804 1445 3869 in
1463 3824 1545 3889 gran
1564 3820 1615 3863 nu·

407 3938 514 4001 mero,
538 3919 697 3987 massime
717 3920 806 3986 nelle
827 3922 944 4015 schole
966 3920 1008 3985 de.
1031 3921 1218 4005 gramatice
1242 3931 1276 3987 et
1297 3920 1477 4000 rettorica,
1494 3918 1616 3983 latinae

407 4054 521 4114 greca.
541 4036 635 4101 Sono
650 4035 752 4103 etiam
769 4038 834 4103 ben
854 4036 978 4101 tornite
996 4036 1027 4101 le
1043 4036 1143 4103 classi
1160 4048 1173 4075 ⁰
1193 4035 1282 4103 delle
1304 4036 1431 4102 facult-i
1454 4029 1614 4120 superiori,

405 4160 441 4213 et
455 4149 512 4233 pio
530 4150 572 4214 de
591 4161 679 4217 tutte
695 4152 809 4236 quella
823 4153 867 4219 de
884 4151 1072 4236 theologia.

475 4266 572 4331 Nella
588 4286 667 4331 casa
683 4281 717 4331 et
733 4266 848 4333 chiesa
861 4280 978 4332 nostra
991 4266 1017 4333 si
1036 4266 1182 4350 procede
1195 4288 1260 4331 con
1277 4267 1310 4331 lo
1324 4266 1426 4331 solito
1438 4286 1542 4341 corso,
1556 4280 1616 4347 pre·

407 4377 582 4445 dicandosi
600 4383 631 4446 le
648 4382 735 4448 leste
751 4394 786 4448 et
802 4382 1022 4462 domeniche,
1043 4394 1075 4449 et
1093 4402 1229 4467 sempre
1248 4383 1280 4447 la
1298 4381 1415 4448 chiesa
1433 4383 1450 4448 e
1468 4381 1572 4467 piena.
1588 4384 1616 4441 et

410 4510 607 4543 ——r—

460 4590 475 4618 ι
512 4592 638 4646 possano
652 4594 707 4633 ins,
746 4580 795 4619 -b
817 4595 952 4647 uengano
966 4596 1020 4636 ms.
1059 4594 1108 4621 -ο
1126 4580 1222 4634 classe
1235 4596 1291 4632 ms.

414 4692 611 4700 ————

460 4750 467 4780 ¹
506 4746 550 4799 Ex
563 4746 665 4800 codice
680 4748 796 4819 Regest.
811 4749 853 4812 II,
867 4749 898 4806 ff.
916 4748 1087 4808 roan-103:
1104 4748 1225 4816 Cariae,
1240 4767 1268 4805 n.
1283 4748 1476 4805 CCCCLXV.
