3567 5409
549 447 655 505 Enisa.
674 446 829 517 4181.-22
848 448 1025 507 Fruamur
1046 458 1115 518 ¹554
1358 444 1412 502 313

637 600 1012 793 novuti'iinsclo

537 850 641 895 aona
664 850 703 893 aa
729 848 946 895 aaaauaan
972 849 1056 908 1554
1085 840 1109 893 ⁸.

579 980 740 1051 Proposito
752 980 845 1035 dubio
858 981 1067 1051 respondetur.

271 1126 320 1192 [a
332 1145 464 1192 somma
481 1124 593 1211 gratia
607 1136 643 1193 et
659 1145 754 1192 amor
769 1134 891 1193 eterno
907 1136 975 1193 etc.

270 1241 358 1310 uuo.
375 1252 410 1307 et
427 1240 462 1307 in
478 1238 545 1308 xe
559 1239 762 1309 charissimo
778 1240 881 1307 utro.
900 1222 1120 1327 uon'uoyme
1137 1241 1161 1306 ¹.

268 1356 325 1423 Ho
342 1355 498 1425 riceuuto
513 1378 577 1424 sua
592 1357 725 1436 lettera,
744 1369 779 1424 et
800 1355 912 1423 inteso
932 1358 964 1425 la
984 1356 1198 1424 dubitatione
1219 1359 1284 1425 che
1305 1368 1434 1425 mostra

203 1472 306 1538 hauet
320 1493 360 1540 se
374 1472 502 1540 auderi
519 1472 554 1539 in
567 1472 714 1541 Venetia
726 1494 747 1539 o
759 1494 816 1554 no;
830 1483 866 1541 et
878 1494 979 1541 como
990 1472 1037 1539 mi
1049 1472 1182 1552 ordina,
1196 1475 1242 1539 ho
1256 1473 1341 1540 fatto
1353 1494 1433 1540 ora-

202 1586 302 1668 tione,
323 1600 360 1656 et
379 1588 405 1655 li
424 1588 501 1655 diro
522 1588 546 1655 il
566 1588 636 1655 mio
656 1610 754 1675 parer
776 1609 843 1655 con
866 1589 898 1655 la
915 1590 1168 1657 amoreuolessa
1184 1590 1250 1657 che
1266 1590 1299 1657 la
1316 1601 1431 1657 nostra

200 1702 345 1771 amicitia
361 1706 418 1772 nel
437 1704 566 1792 Signor
581 1716 701 1771 nostro
717 1703 878 1772 richiede.

263 1820 309 1889 Se
325 1818 359 1886 io
374 1818 421 1886 mi
433 1819 571 1889 hauessi
588 1819 730 1887 risoluto
745 1820 789 1893 de
804 1819 935 1889 seruire
951 1819 994 1887 ad
1007 1820 1108 1887 alcun
1120 1819 1253 1907 signor,
1268 1822 1428 1891 massime

198 1934 239 2001 de
253 1934 309 2001 chi
324 1934 464 2005 hauessi
480 1946 575 2003 tanta
588 1934 793 2016 satisfation‚
808 1949 938 2022 quanta
951 1947 1078 2002 mostra
1090 1938 1197 2005 hauer
1210 1937 1242 2001 la
1255 1937 1296 2003 R.
1312 1938 1356 2003 V.
1370 1938 1426 2006 del

197 2070 270 2132 suo,
288 2051 321 2117 io
339 2050 465 2133 uorria,
483 2052 647 2118 hauendo'
659 2050 694 2117 di
712 2052 762 2119 iar
778 2051 980 2130 mutatione,
996 2050 1173 2119 intendere
1186 2051 1217 2119 la
1230 2072 1292 2118 sua
1305 2054 1426 2119 volun·

195 2167 227 2231 ti
241 2177 276 2233 et
292 2166 327 2232 in
340 2177 431 2233 tutto
442 2166 694 2234 accomodarmi
705 2188 725 2233 a
737 2168 852 2252 quella
864 2167 899 2231 in
911 2166 1053 2233 seruitio
1065 2166 1099 2231 di
1113 2166 1180 2233 Dio
1193 2168 1236 2233 N.
1253 2166 1291 2235 S.
1309 2166 1346 2235 Si
1359 2170 1424 2237 che

192 2302 251 2366 per
267 2292 389 2367 questa
405 2282 530 2349 andata
546 2281 581 2349 di
598 2282 757 2363 Venetia,
776 2282 804 2348 si
820 2282 945 2349 debbia
963 2282 1043 2349 sarsi
1059 2304 1080 2347 o
1097 2303 1154 2361 no,
1172 2283 1237 2351 che
1253 2281 1286 2349 io
1309 2284 1421 2351 uorria

192 2394 367 2467 intendere
382 2398 415 2465 la
430 2397 652 2467 inclinatione
663 2398 753 2467 della
765 2398 906 2465 volunta
919 2397 974 2465 del
986 2400 1025 2467 S.
1040 2395 1190 2465 Ascanio
1202 2398 1228 2478 ⁸,
1242 2408 1277 2464 et
1289 2421 1309 2465 a
1322 2400 1418 2486 quel-

189 2513 221 2581 la
238 2512 286 2579 mi
307 2514 546 2593 conformarei‚
570 2534 639 2580 non
656 2515 818 2581 hauendo
833 2514 992 2582 altronde
1007 2512 1163 2580 chiareza
1179 2511 1214 2578 di
1231 2514 1345 2599 quello
1361 2536 1418 2581 sa-

188 2629 291 2697 rebbe
307 2628 341 2695 in
359 2629 492 2715 magior
508 2628 651 2697 seruitio
667 2630 710 2697 de
727 2628 805 2711 Dio;
823 2630 856 2696 la
868 2630 969 2715 quale
982 2651 1019 2697 se
1031 2626 1064 2695 ci
1079 2627 1175 2709 fossi,
1190 2649 1259 2695 non
1272 2630 1418 2698 accade-

186 2745 289 2813 rebbe
316 2747 505 2823 consultat,
535 2767 590 2812 ma
610 2744 765 2832 seguitar
786 2744 1057 2832 simplicemente
1077 2757 1206 2830 quanto
1227 2744 1257 2812 si
1276 2766 1416 2830 sapesse

185 2881 276 2927 esser
291 2859 349 2947 piu
365 2869 467 2949 grato
483 2883 503 2928 a
518 2861 585 2928 Dio
601 2862 646 2929 N.
666 2862 704 2931 S.
719 2859 759 2929 Si
772 2862 838 2928 che
850 2859 873 2925 il
886 2858 954 2927 mio
966 2882 1066 2947 parer
1077 2860 1096 2927 ὲ
1109 2870 1243 2947 questo:
1259 2872 1294 2929 et
1306 2861 1335 2927 si
1348 2862 1415 2929 ben

184 2997 250 3042 non
266 2976 374 3044 ceeia
390 2988 512 3063 troppo
527 2998 691 3063 speranza
707 2976 741 3042 di
754 2975 868 3062 quella
880 2974 1064 3043 concordia
1076 2977 1140 3041 che
1152 2973 1234 3041 tutti
1248 2986 1343 3043 tanto
1355 2976 1414 3045 de·

181 3090 407 3174 siderauamo,
425 3092 599 3160 lasciando
613 3104 736 3178 questa
752 3103 847 3178 parte
867 3091 902 3157 in
920 3112 1021 3159 mano
1037 3091 1081 3160 de
1096 3090 1175 3175 Dio,
1190 3090 1219 3159 si
1232 3094 1302 3177 pub
1315 3090 1350 3157 in
1362 3093 1413 3159 al-

180 3216 230 3273 tre
250 3226 332 3273 cose
354 3207 520 3292 adoperar
539 3207 572 3273 la
591 3205 722 3273 chariti
746 3217 861 3273 vostra
883 3227 903 3271 a
924 3206 1033 3292 gloria
1053 3205 1097 3271 de
1118 3204 1186 3272 Dio
1207 3206 1253 3274 N.
1276 3206 1330 3285 S.‚
1356 3206 1412 3273 nel

179 3322 279 3405 quale
301 3322 408 3388 molto
430 3321 478 3387 mi
502 3321 536 3388 ui
557 3322 797 3400 raccomand0,
819 3333 854 3388 et
874 3324 1007 3410 pregho
1027 3322 1060 3387 la
1080 3318 1199 3389 diuina
1220 3331 1254 3390 et
1277 3342 1411 3389 summa

177 3435 282 3503 bonta
298 3459 318 3503 a
334 3436 414 3503 tutti
429 3438 581 3505 conceda
596 3436 708 3523 gratia
723 3436 757 3503 di
773 3458 938 3505 conoscer
953 3456 1088 3523 scmpre
1104 3447 1138 3502 et
1155 3436 1333 3525 esseguire
1346 3458 1409 3505 sua

176 3551 371 3619 santissima
388 3553 544 3619 uolunta.

239 3669 295 3735 De
310 3670 418 3735 Roma
435 3686 477 3735 22
493 3668 528 3736 di
544 3667 689 3736 Febraio
710 3685 803 3753 1554.

240 3784 437 3871 Inscriptio.
457 3786 524 3851 Per
540 3784 685 3851 Marino.
706 3786 807 3852 Mtro.
828 3786 973 3871 Doyme.

225 4032 233 4065 ⁸
270 4034 316 4089 Ex
327 4032 431 4089 codice
444 4032 563 4107 Regnat.
578 4034 622 4107 H,
634 4032 686 4090 iol.
700 4034 924 4103 ssu-Cariae,
937 4050 967 4091 n.
981 4030 1196 4089 CCCCXXXI.

222 4122 234 4157 ¹
272 4122 406 4195 Doymua
419 4122 556 4194 Naeciua,
568 4123 664 4195 patria
676 4123 838 4191 amerinus,
852 4122 959 4193 Ignatii
972 4122 1205 4194 amantissimus,
1223 4122 1403 4178 Societatem

167 4206 227 4279 jam
239 4226 333 4265 aenea
345 4211 485 4283 amplecti
499 4211 604 4281 voluit,
616 4210 648 4267 ln
660 4226 755 4283 eaque
768 4210 1005 4281 experimentum
1023 4209 1105 4283 tecit;
1119 4210 1284 4283 judicatum
1304 4218 1403 4269 tamen

169 4306 216 4355 eet
226 4300 334 4355 melius
347 4316 365 4355 e
378 4315 411 4355 re
424 4299 498 4372 fore,
512 4300 538 4355 si
550 4308 636 4355 extra
645 4300 837 4367 Societatem,
849 4298 926 4355 liber
935 4300 974 4355 ab
984 4298 1048 4371 ejua
1059 4298 1240 4371 obedientia,
1253 4301 1348 4355 bonus
1358 4300 1402 4357 vir

170 4386 235 4443 Deo
246 4389 383 4445 serviret.
396 4386 579 4460 Poaaucos,
596 4386 721 4453 caron„
736 4387 773 4455 V,
787 4385 832 4456 43.

222 4476 234 4509 ⁸
270 4475 418 4533 Ascanius
430 4475 585 4549 Columna,
601 4476 665 4549 qui,
681 4484 786 4549 captus
803 4474 903 4532 Caroli
917 4476 943 4530 V
958 4474 1056 4548 jussu,
1075 4476 1200 4549 Neapoli
1218 4476 1248 4533 iu
1267 4477 1401 4533 Casteilo
1462 4548 1465 4554 ¹

166 4562 251 4621 Novo
262 4564 463 4622 detinebatur.
477 4566 661 4629 Polaticus,
677 4565 801 4630 ebron„
819 4566 871 4633 lv,
888 4564 949 4624 188.
963 4564 1010 4626 Cf.
1024 4566 1122 4639 Epist.
1134 4566 1260 4641 Mixioe,
1272 4567 1324 4635 IV,
1335 4564 1400 4637 431.
