3567 5409
539 497 645 553 Errsr.
664 493 803 565 ada-3
821 494 1001 551 Faenumu
1021 505 1090 566 1554
1344 491 1399 554 283

271 649 337 736 Qui
354 647 384 716 si
400 649 571 716 mandano
590 649 624 715 le
643 646 914 736 sottoscriptioni
928 645 986 714 del
1006 649 1049 717 P.
1071 649 1176 718 Mtro.
1195 646 1388 718 Benedetto
1403 648 1431 717 ⁴.

269 764 331 832 Noi
357 765 448 834 nella
469 785 549 832 casa
574 773 609 831 et
629 762 767 852 collegii
794 761 919 830 stiamo
938 762 1029 833 bene
1049 783 1111 849 per
1130 763 1164 831 la
1188 761 1283 831 tddio
1306 759 1431 850 gratia.

191 879 309 948 Etiam
325 901 436 948 sonno
452 879 572 948 uenuti
589 877 711 966 questa
726 879 913 950 settimana
929 879 986 967 pel
1001 869 1096 948 mare
1111 894 1131 964 7
1147 877 1256 948 buoni
1271 877 1430 965 supposi-

190 995 238 1078 ti,
259 1017 315 1083 per
331 997 363 1063 la
378 995 608 1083 Compagnia,
625 996 669 1065 de
684 997 838 1084 Spagna.

266 1111 417 1201 SiaJesu
433 1111 574 1180 Christo
590 1111 626 1178 in
643 1111 790 1200 aggiuto
805 1123 840 1180 et
857 1111 955 1179 lauor
969 1109 1006 1176 di
1023 1109 1114 1182 tutti.
1133 1107 1262 1212 Amen.

268 1230 320 1296 De
335 1229 443 1296 Roma
461 1247 480 1312 3
496 1229 540 1298 de
559 1227 704 1298 Febraio
725 1241 822 1311 1554.

268 1344 463 1429 Inscriptio.
483 1343 655 1430 Bologna.
673 1345 751 1410 Don
762 1343 973 1411 Francesco.

324 1641 464 1708 PATRI
489 1639 710 1708 ALBERTO
734 1641 761 1707 F
764 1515 1042 1708 EiiitisRIENst
1065 1631 1129 1708 EX
1153 1638 1308 1708 COMM.

602 1751 722 1810 uoun3
740 1765 912 1810 renuuntur
928 1765 997 1824 1554
1011 1757 1031 1810 ¹.

201 1889 375 1945 Consilium
388 1890 425 1946 de
436 1891 637 1953 dissolvendo,
648 1893 753 1946 exacta
763 1890 1014 1962 quadragesimo,
1024 1887 1176 1962 eugubino
1186 1887 1342 1944 Societatis
1351 1887 1437 1944 colle·

249 1981 303 2054 gio
315 1979 464 2038 declarat:
477 1979 557 2036 illud
569 1985 671 2037 tamen
684 1980 846 2037 consilium
860 1983 979 2036 intereo
990 1979 1153 2054 eugubinis
1164 1981 1229 2036 dici
1241 1997 1301 2035 uon
1321 1979 1434 2036 vuli.-

257 2072 301 2126 De
313 2069 411 2128 sociis.

272 2207 344 2272 Pax
361 2205 503 2272 Christi.

265 2319 461 2388 Habbiamu
477 2321 633 2388 riceuuto
649 2321 680 2386 le
697 2322 816 2388 lettere
832 2320 875 2386 de
896 2324 937 2402 14'
951 2328 986 2386 et
1003 2337 1046 2386 20
1061 2319 1116 2386 del
1134 2330 1285 2405 passato;
1309 2328 1344 2385 et
1361 2317 1432 2405 pri-

199 2458 257 2504 ma
272 2439 336 2505 che
356 2434 518 2522 risponda
538 2458 558 2503 a
578 2435 703 2522 quelle,
728 2435 838 2502 saccio
858 2433 1036 2502 intendere
1057 2435 1122 2503 alla
1145 2437 1186 2502 R.
1210 2433 1253 2500 V.
1278 2421 1393 2502 chesi
1414 2435 1434 2498 e

196 2553 283 2620 satta
300 2550 501 2620 risolutione
517 2553 571 2618 col
588 2551 691 2618 Card.
710 2549 745 2616 di
762 2552 869 2620 Santa
886 2550 909 2638 †
924 2551 951 2632 ¹,
967 2553 1035 2620 che
1052 2573 1109 2637 per
1132 2560 1256 2636 questa
1277 2547 1433 2634 quaresi-

197 2689 255 2736 ma
271 2667 352 2736 resti
369 2667 392 2734 il
407 2666 556 2754 collegio
573 2665 741 2734 nostruin
759 2667 941 2753 Augubio,
958 2679 994 2734 et
1011 2667 1152 2734 subbito
1165 2668 1249 2734 latta
1262 2686 1391 2754 pasqua
1402 2663 1434 2731 ci

199 2785 247 2850 dri
263 2782 400 2850 licentia
415 2783 450 2850 di
466 2784 597 2851 leuarlo
612 2784 704 2850 douc
721 2783 899 2870 giudicarit
923 2783 966 2850 N.
993 2785 1032 2850 Ρ.
1058 2785 1123 2851 che
1138 2785 1215 2850 sera
1230 2781 1291 2868 piis
1306 2778 1435 2851 seruito

202 2899 300 2965 Iddio
317 2901 361 2966 N.
380 2900 416 2968 S.
436 2899 479 2966 Et
495 2909 618 2985 questo
635 2898 664 2966 si
680 2900 698 2966 ὲ
716 2899 882 2967 ricercato
897 2901 941 2966 de
957 2909 1053 2986 parte
1068 2909 1200 2979 nostra,
1225 2895 1435 2984 giudicando

200 3015 259 3082 del
280 3035 367 3101 poco
391 3015 497 3081 frutto
519 3017 583 3083 che
604 3013 633 3082 si
655 3015 688 3082 la
712 3015 812 3094 costi,
842 3017 908 3082 che
929 3035 1000 3080 non
1020 3014 1166 3082 sarebbe
1187 3024 1283 3080 tanto
1304 3009 1444 3081 tseruito⁴

199 3129 296 3196 Iddio
313 3133 356 3198 N.
376 3131 415 3200 S.
432 3131 488 3200 del
505 3131 652 3218 collegio
668 3142 787 3198 nostro
806 3129 854 3198 iui
876 3142 1006 3216 quanto
1027 3132 1173 3199 altroue:
1197 3140 1232 3197 et
1254 3127 1390 3198 banchi
1411 3127 1436 3194 il

198 3245 353 3312 cardinal
369 3267 438 3312 non
455 3246 574 3312 mostri
592 3249 711 3327 hauet,
731 3248 773 3312 ne
789 3246 893 3314 credo
909 3247 968 3314 ch'
986 3245 1115 3313 habbia
1129 3248 1218 3312 altro
1233 3247 1302 3312 che
1317 3245 1435 3311 buona

199 3361 445 3432 informatione
459 3373 494 3430 et
509 3363 615 3431 odore
629 3349 718 3430 delle
741 3364 811 3430 RR.
837 3363 930 3445 VV.,
953 3383 1018 3449 pur
1037 3382 1135 3429 come
1155 3360 1355 3430 desideroso
1377 3359 1433 3426 del

201 3477 360 3564 maggior
376 3477 518 3544 seruitio
534 3477 665 3558 diuino,
684 3477 922 3546 condescende
938 3499 958 3544 a
975 3488 1095 3544 nostra
1118 3475 1294 3546 instantia.
1320 3476 1363 3542 V.
1389 3477 1432 3543 R.

200 3605 306 3679 tenga
322 3603 444 3677 questa
460 3613 540 3660 cosa
557 3613 720 3679 appresso
736 3592 770 3660 di
787 3595 836 3673 se,
851 3604 886 3661 et
903 3593 931 3659 si
947 3593 1049 3660 sforzi
1066 3593 1101 3659 in
1118 3609 1242 3678 questo
1258 3602 1376 3677 tempo
1389 3591 1433 3656 de

201 3709 264 3774 dar
279 3707 361 3794 ogni
378 3709 494 3775 buona
505 3709 734 3791 edificatione3
749 3721 784 3778 et
795 3710 882 3776 altro
897 3720 994 3775 tanto
1005 3707 1029 3774 il
1042 3709 1084 3774 P.
1102 3711 1204 3776 Mtro.
1222 3697 1395 3793 Agostino
1407 3707 1434 3788 ⁸,

200 3823 460 3892 sollicitamente
487 3825 658 3892 ceruando
681 3826 724 3892 de
749 3824 924 3911 aggiutar'
951 3823 973 3889 l'
998 3823 1124 3904 anime,
1149 3834 1184 3891 et
1210 3826 1323 3889 anche
1347 3821 1436 3890 nella

201 3941 319 4008 schola
334 3941 480 4008 iacendo
495 3939 519 4005 il
532 3939 659 4026 meglio
671 3941 739 4008 che
749 3939 777 4006 si
795 3943 877 4026 pub,
893 3939 990 4008 accio
1002 3942 1067 4008 che
1080 3938 1109 4007 si
1122 3951 1266 4026 partano
1278 3936 1436 4005 lassando

202 4055 236 4121 di
253 4057 290 4124 se
306 4055 385 4141 quel
402 4056 495 4122 buon
512 4077 614 4124 nome
629 4057 694 4122 che
710 4055 890 4124 conuiene.
908 4057 951 4122 Et
967 4057 999 4124 al
1016 4065 1132 4142 tempo
1147 4077 1212 4121 suo
1233 4053 1262 4120 si
1285 4052 1435 4121 scriuerai

209 4169 417 4180 ——u-—n

256 4215 268 4247 ⁴
303 4213 483 4271 Benedictus
496 4215 636 4274 Palmiue

259 4363 268 4394 ¹
307 4359 351 4414 Ex
364 4358 467 4415 codice
482 4361 601 4433 Regest.
617 4359 658 4428 ll,
673 4359 723 4415 fol.
737 4373 798 4430 47r.

255 4454 267 4485 ¹
303 4449 461 4506 Marcellus
474 4449 632 4506 Cervinus.
647 4449 761 4506 Causas
772 4467 825 4506 cur
838 4450 1022 4520 eugubinum
1034 4449 1195 4518 collegium
1205 4447 1342 4504 dissolvit
1352 4449 1437 4520 lgna-

202 4541 271 4608 tius‚
287 4548 366 4596 ortas
379 4539 517 4596 nimirum
531 4557 568 4595 ex
582 4541 702 4610 exiguo,
716 4557 805 4612 quem
821 4538 916 4595 nostri
931 4537 1041 4594 ibidem
1058 4539 1252 4608 colligebant,
1271 4537 1434 4594 animorum

203 4630 309 4700 fructu,
322 4629 455 4702 pluribus
467 4630 597 4701 explicat
608 4630 790 4702 Putarem,
806 4631 932 4694 Cleon„
947 4629 998 4698 lV,
1014 4641 1059 4697 52.

258 4721 270 4754 ³
306 4719 493 4790 Augustinus
506 4717 544 4774 de
558 4719 681 4775 laRiva.
