3567 5409
403 433 458 501 456
779 432 987 488 Montium
1010 432 1191 489 leontiano

436 584 538 653 Circa
553 584 577 651 il
589 584 705 654 leuare
720 584 744 651 il
761 588 801 652 P.
821 588 924 653 Mtro.
943 584 1118 654 Giouanni
1138 586 1163 665 ’,
1183 590 1259 653 sara
1278 585 1461 653 informato
1485 584 1530 653 N.
1554 582 1595 649 P.

323 787 326 794 Ι
371 701 405 766 di
426 688 540 785 quello
560 702 730 769 conuiene
753 722 812 787 per
831 701 856 766 il
876 723 941 767 suo
966 712 1092 786 temp0,
1116 712 1151 767 et
1172 704 1281 769 anche
1302 702 1436 769 circail
1467 697 1596 767 fratello

373 818 536 883 Emundo
553 818 577 881 ³.

438 931 539 997 Circa
555 932 668 1016 quelle
684 931 945 1019 congregationi
962 932 1005 997 de
1022 930 1177 999 huomini
1193 944 1228 998 et
1244 933 1372 1013 donne,
1394 934 1459 999 che
1475 931 1507 999 si
1531 932 1599 997 san·

372 1069 418 1111 no
435 1069 494 1131 per
511 1046 534 1111 il
551 1048 637 1114 Rdo.
657 1049 725 1114 don
747 1050 902 1115 Lorenzo
919 1047 1086 1115 Dauidico
1103 1049 1133 1127 ⁴,
1157 1069 1225 1113 non
1248 1048 1338 1115 uedo
1359 1049 1477 1115 buono
1500 1047 1601 1115 odore

371 1162 406 1245 di
422 1184 502 1248 qua;
520 1162 608 1231 saria
624 1166 716 1229 forsa
732 1164 858 1248 meglio
873 1165 939 1230 che
954 1164 1002 1229 lui
1020 1164 1052 1229 le
1069 1134 1188 1230 iassasi
1204 1174 1307 1242 stare,
1322 1158 1448 1250 perche
1465 1166 1498 1227 c’
1517 1162 1601 1247 epe·

374 1278 520 1364 peric010
535 1301 605 1344 non
621 1280 652 1345 le
669 1279 823 1345 facciano
840 1282 965 1346 lassare
983 1300 1043 1365 per
1061 1279 1117 1345 uia
1140 1283 1204 1349 che
1227 1302 1246 1347 a
1267 1279 1316 1345 lui
1332 1278 1415 1345 fossi
1436 1300 1523 1365 poco
1541 1280 1598 1343 ho-

373 1396 546 1462 noreuole.
566 1392 598 1459 A
614 1394 694 1460 tutti
710 1396 865 1461 conceda
881 1394 953 1462 [dio
969 1394 1080 1481 gratia
1097 1395 1141 1461 de
1156 1394 1327 1463 caminate
1339 1394 1374 1461 in
1386 1394 1548 1461 sincerita
1558 1392 1591 1458 di

373 1530 478 1593 cuore
495 1532 554 1595 per
571 1512 602 1577 la
620 1510 674 1575 uia
690 1510 746 1575 del
762 1531 826 1576 suo
841 1507 996 1578 seruitio
1016 1511 1062 1577 Se
1078 1509 1112 1575 di
1130 1522 1252 1595 questo
1268 1531 1306 1577 se
1323 1509 1371 1596 gli
1392 1511 1504 1577 debba
1525 1509 1596 1575 dar'

375 1624 473 1692 auiso
489 1646 511 1690 o
527 1648 608 1706 non,
627 1626 671 1693 V.
692 1628 733 1693 R.
752 1627 787 1693 lo
803 1624 986 1693 consideri.

442 1741 543 1808 Circa
558 1741 582 1806 il
598 1742 704 1809 sentir
720 1742 943 1822 confessioni,
960 1742 995 1808 in
1013 1754 1128 1827 tempo
1145 1762 1295 1809 nessuno
1311 1742 1378 1808 del’
1397 1762 1488 1807 anno
1504 1760 1598 1809 cessa

376 1858 407 1924 la
419 1857 634 1944 Compagnia
645 1868 773 1937 nostra,
785 1858 830 1923 ne
842 1878 964 1925 manco
976 1860 1010 1924 d'
1025 1856 1251 1925 amministrat
1264 1857 1287 1923 il
1300 1866 1399 1923 santo
1411 1876 1602 1925 sacramen-

377 1984 412 2041 to
428 1973 517 2039 della
534 1973 751 2066 eucharistia,
770 1996 807 2041 se
824 1996 892 2039 non
910 1983 983 2039 otto
1000 1972 1114 2060 giorni
1131 1972 1250 2040 auanti
1265 1984 1300 2041 et
1317 1984 1390 2039 otto
1407 1974 1498 2058 dopo
1512 1973 1543 2039 le
1561 1972 1603 2039 fe·

376 2101 431 2157 ste
449 2088 483 2154 di
500 2110 642 2174 pasqua,
660 2090 785 2175 perche
802 2088 837 2154 in
853 2099 976 2173 questo
994 2101 1110 2176 tempo
1125 2111 1230 2159 senza
1245 2088 1382 2155 licentia
1395 2087 1475 2155 delii
1489 2108 1603 2173 paroc-

376 2204 489 2272 chiani
507 2226 576 2270 non
591 2205 749 2273 deuiamo
765 2204 1002 2272 administrare
1015 2216 1138 2292 questo
1151 2215 1250 2273 santo
1261 2216 1476 2271 sacramento
1489 2225 1525 2271 se
1538 2224 1603 2269 non

376 2322 432 2388 alli
451 2320 572 2399 nostri,
591 2321 682 2406 quali
700 2341 770 2387 non
790 2321 926 2388 deuano
947 2343 1171 2391 reconoscere
1191 2318 1421 2408 parocchiano
1442 2340 1598 2387 nessuno.

444 2438 509 2503 Dei
527 2435 650 2523 pigliar
670 2438 702 2503 le
724 2437 850 2503 facult&
872 2436 907 2502 di
929 2439 1084 2505 asoluere
1106 2439 1150 2503 da
1171 2435 1372 2523 monsignor
1392 2436 1416 2501 il
1438 2435 1563 2502 vicario
1579 2436 1602 2515 ⁸,

378 2573 446 2618 non
472 2551 561 2618 uedo
582 2550 631 2618 sia
652 2571 734 2618 cosa
755 2550 961 2633 necessaria,
986 2573 1046 2637 per
1068 2551 1258 2621 estendersi
1279 2552 1311 2620 le
1337 2564 1455 2619 nostre
1483 2551 1603 2617 iaculta

377 2668 483 2733 molto
498 2669 739 2753 amplamente3
757 2689 835 2753 pur,
853 2688 890 2735 se
907 2667 939 2735 la
953 2667 1172 2737 discrettione
1185 2668 1360 2736 mostrassi
1373 2688 1468 2737 esser
1479 2686 1603 2733 conue-

378 2782 494 2850 niente
510 2782 633 2868 pigliar
648 2782 691 2849 da
708 2784 746 2851 S.
765 2781 852 2852 Sria.
872 2796 994 2868 queste
1013 2784 1154 2863 faculti,
1171 2804 1258 2870 poco
1274 2782 1303 2850 si
1320 2784 1540 2869 perderebbe.

447 2898 518 2983 Qui
535 2899 661 2965 mando
678 2920 747 2966 una
763 2900 884 2966 lettera
901 2899 980 2965 deil'
999 2900 1106 2981 India,
1121 2900 1223 2986 quale
1238 2900 1270 2966 al
1283 2896 1383 2966 solito
1394 2898 1496 2965 modo
1512 2918 1603 2963 man·

378 3014 463 3081 deta
481 3014 526 3082 V.
545 3016 587 3083 R.

444 3129 510 3196 Doi
528 3129 663 3207 fratelli,
682 3130 704 3195 l'
724 3151 793 3196 uno
805 3130 977 3197 chiamato
995 3131 1136 3199 Thadeo
1152 3132 1178 3210 ⁶,
1195 3152 1347 3209 senesse,
1368 3128 1391 3195 l'
1413 3131 1499 3197 altro
1521 3127 1604 3196 Gio·

379 3244 484 3310 uanni
501 3244 655 3312 Antonio
677 3248 701 3325 ⁷,
727 3245 941 3331 napolitano,
967 3244 1122 3331 potriano
1141 3266 1234 3313 esser
1255 3245 1365 3332 gionti
1388 3268 1408 3313 a
1433 3242 1601 3331 Peruggia

379 3360 517 3443 quando
532 3360 683 3428 arriuara
700 3372 834 3446 questa,
855 3362 880 3426 l’
907 3383 976 3428 uno
997 3383 1058 3448 per
1080 3364 1207 3428 andare
1223 3384 1242 3429 a
1260 3360 1375 3441 Siena,
1394 3362 1417 3427 l'
1438 3361 1523 3427 altro
1541 3379 1598 3445 per

380 3477 507 3541 andare
521 3499 541 3542 a
556 3476 734 3557 Fiorenza,
751 3498 789 3544 se
805 3476 878 3544 cosi
895 3478 929 3544 lo
946 3499 1093 3545 uorrano
1110 3480 1181 3545 fare
1196 3477 1230 3545 al
1246 3500 1347 3547 nome
1362 3476 1396 3543 di
1419 3476 1498 3556 Dio,
1522 3476 1599 3542 ben-

380 3591 444 3658 che
461 3612 529 3657 non
546 3613 627 3677 pare
642 3592 693 3660 sia
709 3604 823 3678 tempo
839 3593 961 3661 adesso
978 3604 1171 3681 opportuno
1187 3614 1247 3680 per
1262 3592 1390 3662 intrare
1406 3592 1441 3658 in
1460 3592 1562 3663 Siena
1577 3591 1601 3654 ⁸.

432 3773 445 3805 ³
482 3769 516 3828 P.
530 3772 660 3841 joannes
671 3769 775 3841 Niger,
788 3771 839 3843 qui
852 3770 976 3826 Romam
990 3770 1140 3827 vocandus
1152 3781 1215 3828 erat
1228 3780 1260 3828 ut
1273 3771 1440 3843 theologica
1454 3770 1546 3826 studia
1556 3769 1603 3823 ab·

379 3860 522 3915 solveret.
537 3858 719 3929 PonnncoS,
736 3858 863 3925 chron„
874 3860 927 3928 IV,
945 3873 996 3930 15⁰
1008 3870 1039 3917 et
1053 3873 1114 3931 151,
1128 3870 1228 3921 annot.
1242 3876 1269 3931 4.

437 3950 448 3979 ⁸
486 3948 658 4005 Edmundus
672 3949 832 4020 Augerius.

435 4041 447 4071 ⁴
485 4038 667 4106 poponens,
683 4038 808 4104 chron„
822 4038 876 4110 lv,
892 4052 953 4109 154.

436 4130 447 4163 ⁸
480 4126 720 4199 JoannesOlivo.

437 4218 449 4246 ⁸
484 4216 660 4273 Thaddaeus
674 4218 827 4275 Amaroni.

436 4312 446 4340 ⁷
484 4308 615 4377 joannos
628 4308 777 4365 Antonius
788 4308 953 4366 deMnuro.
1457 4344 1471 4365 .

434 4398 447 4429 ⁸
483 4396 543 4453 Ros
556 4412 710 4467 senenses,
724 4399 803 4455 bello
816 4398 896 4454 inter
903 4400 999 4469 gallos
1008 4406 1039 4455 et
1052 4398 1239 4455 caesarianos
1249 4400 1447 4470 perturbatos,
1465 4396 1605 4471 expiicant

382 4485 491 4548 Pacci,
507 4484 748 4543 Continuoniono
763 4488 842 4543 delle
855 4489 1000 4544 memorie
1012 4488 1261 4551 morico-criticae
1278 4486 1360 4543 dello
1372 4485 1447 4543 cine
1463 4488 1498 4543 di
1511 4486 1605 4552 mm,

384 4574 438 4646 tv,
459 4573 506 4631 131
526 4584 556 4631 et
573 4592 663 4651 seqs.;
683 4576 864 4650 Faoaznns,
884 4576 1025 4632 Historia
1045 4578 1082 4633 de
1100 4577 1237 4649 Espofla,
1256 4578 1335 4647 xnl,
1353 4574 1484 4649 388-392,
1506 4575 1604 4647 aliique

386 4666 494 4739 passim
505 4663 646 4725 historici.
