3567 5409
498 527 602 583 Errsr.
622 525 702 592 4188.
711 538 777 596 -24
795 527 1054 599 Fusnuuau1554
1303 524 1353 595 351

321 806 463 874 PATRI
487 682 964 876 FRANCIscg'ffisuulo
988 806 1051 873 EX
1075 804 1226 875 COMM.

537 932 627 975 noun
647 932 681 989 ²4
700 931 875 975 rssnuinn
896 930 965 989 1554
987 918 1006 978 ¹.

171 1063 281 1119 Annuit
290 1062 487 1119 libentissime
497 1067 531 1118 ui
548 1062 636 1117 Viola
645 1080 715 1119 cum
727 1064 808 1119 socio
819 1065 862 1119 nd
874 1064 979 1119 natale
992 1064 1101 1129 solum,
1115 1064 1303 1121 valetudinis
1312 1082 1396 1121 recu·

233 1170 237 1177 ¹
343 1150 503 1224 parandae
511 1154 632 1225 gralia,
646 1169 676 1208 se
688 1152 924 1225 conferentem
937 1154 1087 1226 magistro
1106 1152 1204 1211 Ulixe.

231 1299 301 1365 Pax
316 1295 371 1365 X}

230 1412 465 1482 Rioeuessimo
481 1412 594 1499 quelle
608 1412 653 1482 de
672 1413 725 1493 16,
742 1422 779 1480 et
794 1414 840 1483 N.
867 1415 908 1481 P.
933 1414 977 1479 ha
997 1414 1108 1481 inteso
1128 1424 1257 1499 quanto
1280 1416 1322 1483 V.
1347 1417 1390 1484 R.

169 1528 273 1599 soriue
287 1529 344 1597 del
361 1529 474 1598 Padre
489 1526 735 1611 commissario,
749 1540 785 1599 et
796 1529 820 1595 li
832 1551 916 1617 pare
928 1529 1034 1595 molto
1050 1530 1138 1597 bene
1154 1532 1220 1601 che
1236 1530 1285 1599 sia
1299 1552 1392 1598 nran-

168 1648 242 1714 dato
256 1668 276 1713 a
292 1648 417 1715 Parma
431 1646 490 1713 all'
507 1645 577 1712 aria
594 1644 726 1727 natiuo,
743 1666 813 1713 non
830 1666 890 1732 per
907 1666 1096 1732 sparagnar
1115 1646 1241 1713 fatiche
1257 1646 1292 1713 ni
1313 1668 1390 1735 spe-

166 1784 212 1845 sa,
229 1784 282 1829 ma
298 1783 359 1848 per
373 1760 433 1848 piu
449 1760 655 1829 commoditas
669 1759 705 1827 di
721 1782 811 1843 esso3
828 1770 864 1829 et
879 1762 947 1828 che
962 1760 995 1827 la
1010 1780 1090 1827 casa
1107 1772 1141 1828 et
1159 1762 1285 1832 terreni
1301 1763 1390 1848 suoi,

167 1876 372 1946 uendendosi
388 1896 487 1943 come
497 1860 525 1943 'a
540 1875 591 1944 lui
606 1879 737 1963 patera,
756 1886 903 1962 potrano
919 1874 1051 1943 seruire
1066 1898 1126 1963 per
1143 1877 1174 1943 le
1197 1899 1295 1964 spese
1315 1901 1389 1962 sue;

166 2004 198 2063 et
212 1993 349 2078 quando
364 1993 447 2060 fossi
462 1991 657 2061 necessario
671 1993 861 2079 prouedere
877 1994 921 2061 de
937 1992 1009 2080 piri,
1030 1992 1060 2059 si
1081 1994 1272 2079 prouederal
1293 1994 1392 2062 indu-

165 2108 383 2177 bitatamente
410 2108 546 2192 dique,
570 2108 710 2195 quando
731 2107 948 2175 mancassino
970 2108 1051 2175 tutti
1071 2106 1120 2195 gli
1142 2109 1230 2177 altri.
1255 2112 1311 2179 Ma
1332 2132 1392 2198 per

166 2245 223 2291 sua
238 2223 473 2291 consolatione
487 2235 523 2291 et
538 2222 680 2292 seruitio
695 2223 828 2303 sarebe‚
847 2244 946 2293 come
962 2246 1054 2311 pare,
1068 2224 1311 2307 conueniente,
1326 2228 1392 2297 che

165 2340 296 2410 hauessi
312 2361 393 2407 seco
409 2360 456 2406 un
474 2339 607 2407 fratello
622 2340 713 2407 della
729 2338 958 2427 Compagnia‚
976 2340 1056 2426 qual
1071 2362 1210 2427 paresse
1225 2342 1390 2411 conueni-

166 2476 211 2538 re,
228 2455 421 2522 cauandolo
437 2456 481 2522 de
497 2475 567 2521 uno
583 2455 663 2522 delli
679 2454 817 2541 collegi,
835 2454 915 2521 delli
932 2454 1024 2541 quali
1038 2455 1084 2523 ha
1095 2454 1233 2523 nottitia
1244 2456 1267 2522 il
1282 2459 1391 2525 Padre

165 2572 230 2638 don
246 2570 393 2638 Battista
408 2570 435 2653 '3
453 2582 487 2639 et
503 2570 536 2637 io
552 2570 576 2636 li
590 2569 750 2639 offerisco
766 2570 810 2639 de
825 2570 980 2639 scriuerli
997 2582 1030 2639 et
1043 2570 1120 2637 iarli
1132 2570 1284 2642 scriuere
1298 2584 1391 2651 tante

165 2688 269 2769 uolte,
287 2690 352 2754 che
369 2708 440 2753 non
456 2686 478 2753 li
495 2686 573 2773 paia
589 2706 682 2753 esser
699 2687 796 2752 fuora
812 2686 892 2755 delli
910 2686 1035 2775 collegi
1055 2688 1144 2754 della
1160 2687 1388 2775 Compagnia.

163 2804 268 2890 Spero
284 2804 395 2871 anche
410 2802 446 2868 in
461 2802 529 2869 Dio
545 2804 589 2869 N.
608 2803 645 2870 S.
665 2803 730 2869 che
751 2802 911 2869 rihauera
930 2802 962 2869 le
985 2804 1077 2871 forze
1098 2813 1133 2871 et
1154 2804 1186 2871 la
1207 2801 1317 2871 sanita
1333 2804 1391 2892 piu

162 2929 276 3004 presto
291 2920 356 2987 che
373 2918 475 2985 altrui
491 2916 601 3004 potria
617 2939 772 3003 pensare.
792 2919 836 2985 Et
852 2916 887 2983 di
904 2929 1027 3003 questo
1048 2940 1119 2985 non
1141 2920 1241 2999 altro,
1263 2942 1301 2987 se
1323 2942 1391 2987 non

162 3034 226 3101 che
241 3034 371 3102 restari
386 3035 408 3099 l'
425 3033 642 3102 essecutione
658 3054 723 3099 con
740 3034 772 3101 la
795 3034 905 3119 prima
925 3032 1132 3101 commodita
1152 3037 1217 3102 che
1237 3057 1257 3102 a
1277 3037 1322 3102 V.
1346 3037 1390 3107 R.

162 3162 195 3216 et
210 3171 230 3216 a
245 3149 295 3215 lui
311 3152 442 3235 pareri,
463 3151 594 3216 hauuto
609 3147 632 3214 il
648 3149 826 3235 conseglio
842 3149 898 3218 del
915 3148 1061 3218 medico.

225 3258 336 3343 Sopra
351 3259 454 3324 Mtr0.
473 3256 588 3325 Ulisse
603 3258 629 3336 ¹,
648 3256 696 3322 ho
712 3256 844 3343 parlato
859 3267 894 3323 et
911 3258 996 3323 fatto
1012 3258 1034 3323 l’
1053 3257 1160 3325 offitio
1181 3257 1391 3331 conuenien-

163 3384 206 3453 te,
224 3384 260 3441 et
274 3374 299 3437 l'
317 3372 601 3440 altra-settimana
617 3393 717 3458 spero
733 3371 762 3439 si
776 3374 938 3439 mandere
952 3372 1097 3459 risposta
1109 3374 1198 3440 della
1211 3374 1391 3451 resulutio-

162 3510 204 3555 ne
219 3488 254 3556 di
271 3487 385 3573 questi
402 3486 534 3575 signori
552 3486 641 3554 Rmi.

227 3604 265 3674 Si
280 3627 318 3673 se
334 3614 513 3691 stampano
528 3603 561 3671 le
576 3604 697 3671 lettere
720 3604 801 3670 dell’
823 3604 919 3670 lndia
941 3604 1051 3691 (come
1071 3605 1175 3674 credo
1195 3604 1224 3671 si
1245 3616 1392 3691 stampe-

162 3741 244 3787 rano
260 3720 406 3806 alcone),
426 3738 496 3785 non
512 3718 540 3785 si
555 3719 738 3786 manchera
755 3718 789 3784 di
806 3721 922 3805 quello
938 3722 1003 3786 che
1025 3722 1071 3789 V.
1098 3722 1139 3787 R.
1163 3719 1333 3787 dimanda.
1357 3723 1390 3789 A

162 3834 217 3902 cui
234 3834 380 3905 orationi
395 3836 501 3902 molto
517 3834 548 3901 ci
565 3834 872 3917 raccomandiamo;
892 3846 926 3903 et
943 3835 1145 3923 preghiamo
1166 3835 1262 3904 lddio
1283 3837 1328 3904 N.
1352 3838 1388 3905 S.

161 3974 181 4019 a
202 3951 282 4019 tutti
303 3952 456 4018 conceda
479 3971 663 4018 conoscere
684 3962 719 4018 et
739 3951 918 4037 esseguire
938 3972 1001 4018 sua
1017 3951 1211 4019 santissima
1233 3952 1389 4021 uolunta.

227 4070 281 4136 De
298 4069 406 4134 Roma
422 4084 466 4149 24
481 4066 516 4132 di
532 4066 727 4155 Fe[bb]rai0
749 4082 846 4151 1554.

227 4186 276 4253 Le
291 4185 411 4253 lettere
427 4183 506 4250 dell’
524 4183 620 4249 India
636 4185 701 4251 che
716 4182 776 4267 qui
793 4204 909 4249 nanno
926 4183 1088 4250 mandere
1104 4184 1150 4251 V.
1170 4184 1210 4249 R.
1229 4182 1299 4270 agli
1314 4184 1392 4251 altri

161 4299 296 4387 luoghi‚
315 4308 502 4379 retenutta,
519 4320 558 4366 se
574 4299 665 4376 uole,
684 4298 792 4385 eopia.

228 4416 425 4501 Inscriptio.
445 4416 478 4481 A
496 4414 663 4500 Bologna.
682 4416 761 4480 Don
778 4415 973 4483 Francesco
990 4414 1131 4483 Palmi0.

214 4577 223 4609 ¹
261 4576 306 4631 Ex
319 4573 421 4630 codice
436 4574 555 4647 Regesi.
570 4574 612 4638 II,
627 4572 677 4631 iol.
693 4573 758 4642 56v.

213 4667 225 4700 ¹
261 4665 329 4737 Ipse
342 4662 479 4719 nimirum
492 4663 714 4719 commissarius
727 4664 761 4718 P.
775 4662 871 4719 Viola.

108 4794 112 4799 -
214 4754 227 4789 ²
262 4754 376 4810 Rursus
389 4750 426 4807 de
439 4750 545 4807 eodem
560 4752 623 4807 viro
636 4750 712 4807 inira
720 4752 831 4808 redibit
844 4770 954 4810 sermo.
